2305 2781
1967 53 1991 89 5

249 158 446 203 Respondeo
468 159 610 203 primum
632 158 667 192 id
689 158 828 192 tortasse
852 158 1012 192 creditum
1045 169 1118 192 esse
1153 163 1253 201 atque
1283 158 1383 191 etiam
1418 168 1575 202 comparo
1611 157 1701 191 haud
1735 157 1783 192 ita
1813 157 1992 193 dissimiles

249 214 364 239 versus
388 203 534 249 Oppiani
556 203 631 238 Hal.
655 204 681 247 Ι,
695 204 801 237 138-
809 204 885 239 142.
897 204 931 247 *)
975 202 1043 238 Sed
1067 208 1102 238 ut
1125 204 1188 238 hoc
1212 203 1345 249 quidem
1369 214 1435 237 non
1458 202 1557 237 modo
1581 206 1687 237 totum
1710 203 1754 237 sit
1776 203 1906 248 falsum,
1929 202 1991 239 sed

249 260 292 283 ne
314 250 414 294 vulgo
438 249 570 292 quidem
594 230 770 283 creditum.
805 249 1008 283 Callimacho
1032 253 1143 284 tamen
1167 250 1214 283 sic
1239 259 1370 293 quoque
1394 249 1436 282 ob
1460 248 1607 283 rationes
1629 249 1781 294 poeticas
1805 249 1841 283 id
1863 249 1991 303 tingere

249 295 382 329 omnino
405 295 506 329 licuit.
553 296 649 329 Nunc
671 295 715 329 ad
738 306 770 329 v.
786 297 828 329 10
850 300 992 330 transeo.
1038 296 1100 329 Hic
1131 300 1242 329 autem
1266 306 1366 338 quum
1395 295 1533 339 vulgata
1562 295 1598 329 in
1621 295 1795 348 Athenaeo
1825 296 1990 340 scriptura

248 340 332 374 haec
355 340 415 375 sit:
450 341 550 374 τίκτει
572 354 591 374 τ
620 340 1058 385 αλνοτέρης,1,3ιιι·οιιῐί3111
1080 345 1190 375 autem
1214 340 1296 375 11300
1320 340 1433 375 lectio:
1465 340 1566 374 τίκτει
1590 338 1622 374 δ’
1650 340 1840 386 αἰνοτέρης,
1874 352 1989 376 01111108

248 386 317 420 fere
340 387 444 421 critici
467 391 600 421 auctore
612 387 764 429 Bentlejo
788 386 939 429 τίκτηται
958 391 1100 430 νοτερῆς
1123 388 1333 431 scripserunt,
1358 391 1393 420 ut
1417 387 1505 429 quod
1530 387 1578 421 eis
1602 391 1636 421 et
1658 387 1703 420 ad
1726 387 1836 431 ipsam
1859 391 1988 422 senten—

247 431 329 466 tiam
341 431 638 466 commodissimum
651 431 817 465 videretur
836 436 869 465 et
879 431 924 465 ad
936 432 1104 466 literarum
1116 432 1330 465 mutationem
1341 432 1554 465 lenissimum.
1580 432 1673 466 Unus
1686 436 1799 466 tamen
1811 432 1989 467 Jacobsius

248 476 283 511 in
296 476 344 512 ed.
358 477 482 521 priore:
506 476 656 520 τίκτηται
668 480 789 522 γοερῆς
813 477 933 521 corrigi
945 478 1115 521 maluerat,
1131 488 1216 521 quae
1233 476 1420 512 emendatio
1436 488 1536 520 quum
1548 477 1680 512 Schwei
1681 477 1868 522 ghaeusero
1889 478 1987 513 docta

248 523 355 566 magis
367 523 440 556 visa
452 526 538 556 esset
550 533 656 565 quam
675 523 873 566 necessaria,
894 526 1011 567 postea
1031 523 1203 556 inAnthol.
1216 523 1284 556 Pal.
1294 523 1364 566 IIp.
1375 524 1442 556 ((0
1453 527 1486 557 et
1504 523 1592 567 IIIp.
1602 524 1670 556 900
1690 524 1820 568 abipso
1828 523 1987 558 ι1110011810

248 567 422 612 repudiata
433 572 491 611 est,
499 568 560 602 ubi
572 567 616 603 ad
628 567 860 610 Bentlejanum
873 567 955 601 illud
970 580 1108 611 ιοτερης
1121 579 1177 603 rev
1179 569 1308 602 olvitur.
1332 569 1376 602 At
1387 568 1493 621 primo
1504 569 1589 603 istuc
1602 568 1746 612 Bentleji
1766 572 1907 613 νοτερῆς
1917 569 1987 614 epi-

248 613 361 647 theton
384 616 435 646 est
457 614 556 658 plane
579 614 667 647 iners
680 613 879 666 minimeque
895 613 1076 657 ferendum,
1092 613 1214 647 deinde
1226 614 1361 647 Jacobsi
1375 614 1566 658 conjectura
1587 618 1710 660 γοερῆς
1733 614 1768 647 111
1789 614 1986 657 aleedinem,

247 658 391 692 flebilem
411 660 573 693 aviculam
597 669 658 702 per
681 669 717 692 se
740 658 838 702 cadit,
863 659 897 692 in
920 663 1066 693 nostrum
1090 659 1223 701 quidem
1247 660 1354 692 locum
1378 670 1443 710 non
1468 659 1566 693 cadit.
1603 659 1706 693 Immo
1730 661 1875 694 nautilus
1890 661 1986 694 ,3100-

247 703 317 738 (11111
336 704 412 748 jure
437 704 539 739 iratus
563 708 622 748 est,
646 714 732 747 quae
754 715 820 738 non
845 704 915 738 sine
938 703 1014 738 dolo
1038 704 1125 738 malo
1150 715 1247 738 ovum
1272 715 1366 738 suum
1394 704 1428 739 in
1451 705 1560 739 alieno
1586 704 1687 739 cubili
1709 715 1828 750 parere
1850 704 1983 759 audeat

247 750 333 784 Hinc
356 750 508 785 adsumta
531 732 674 792 Bentleji
704 750 932 784 emendatione
963 750 1113 793 τίκτηται
1143 760 1208 784 11011
1244 750 1357 784 dubito
1394 751 1440 785 ita
1471 751 1581 806 potius
1615 751 1796 807 corrigere:
1831 751 1984 795 τίκτηται

248 795 493 838 ὃολερης-.
543 795 639 838 Quid,
664 794 752 837 quod
765 795 881 829 eodem
905 800 1055 840 spectare
1067 795 1196 829 videtur
1219 796 1316 829 lectio
1340 796 1398 874 11ὸ13
1420 796 1520 829 τίκτει
1546 794 1578 829 δ”
1604 798 1794 840 αἰνοιέρης,
1820 797 1849 830 81
1873 802 1983 831 tamen

246 887 367 931 partim
379 887 547 931 vulgatam
560 885 739 930 significat
764 886 864 919 τίκτει
886 901 906 920 τ
941 888 979 919 αι’
989 907 1044 928 —,
1071 887 1191 931 partim
1203 890 1329 920 autem:
1354 891 1495 930 νοτερῆς
1518 887 1580 921 1100
1604 892 1654 921 est
1677 892 1831 931 νοτερῆς,
1858 899 1901 923 811
1909 900 1984 933 pra

246 941 388 985 posito
414 940 567 984 δολερῆ
579 955 607 978 ς.
656 942 771 974 Restat
801 942 890 975 solus
922 953 952 975 v.
981 942 1030 985 12,
1061 941 1105 975 de
1133 952 1197 985 quo
1230 942 1345 986 paucis
1375 940 1551 975 dicendum
1581 946 1641 976 est.
1688 941 1775 975 Male
1805 943 1893 976 enim
1922 955 1983 996 pro

245 999 301 1019 και
323 985 487 1029 Σμύρνης
511 987 589 1020 011111
612 987 836 1029 conjeceram:
871 989 922 1020 κεί
942 969 1105 1030 Σμύρνης
1136 992 1167 1020 et
1197 988 1365 1021 volueram
1394 988 1457 1020 1100
1488 987 1572 1020 dici:
1611 988 1759 1030 ‚honeste
1789 989 1877 1022 enim
1900 990 1984 1022 vivit

246 1031 374 1076 Selene,
410 1032 560 1074 quamvis
584 1031 746 1075 Smyrnae
779 1035 859 1066 nata
894 1032 944 1065 sit‘
981 1031 1037 1073 (de
1061 1032 1181 1066 Jonum
1216 1032 1351 1066 mollitie
1386 1031 1463 1065 vide
1496 1030 1559 1066 vel'
1579 1032 1747 1078 Aristoph.
1780 1033 1983 1079 Thesmoph.

246 1089 278 1111 v.
305 1079 368 1111 163
392 1082 425 1112 et
447 1078 558 1111 Horat.
585 1078 693 1111 Carm.
717 1078 774 1120 111,
804 1080 835 1120 6,
860 1079 928 1121 21).
974 1078 1164 1120 Eodemque
1195 1078 1292 1112 modo
1324 1078 1366 1112 ab
1396 1078 1550 1112 Heckero
1580 1079 1615 1112 in
1647 1078 1772 1112 Comm.
1803 1080 1935 1114 Anthol.
1967 1081 1983 1113 1

245 1134 277 1166 p.
306 1123 367 1157 161
393 1126 535 1156 erratum
560 1126 619 1166 est,
643 1123 696 1156 cui
719 1123 784 1166 ipsi
808 1134 937 1166 quoque
961 1123 1043 1157 haec
1072 1123 1175 1157 verba
1205 1128 1330 1157 mutare
1355 1123 1489 1168 placuit.
1535 1123 1677 1157 Omnino
1701 1124 1736 1157 in
1759 1135 1900 1158 acumen
1924 1125 1982 1158 ali-

245 1167 334 1211 quod
356 1167 507 1203 desinere
532 1150 771 1212 epigiammata
794 1168 900 1203 solent
924 1169 1023 1213 (quae
1046 1169 1120 1213 ipsa
1143 1180 1196 1203 res
1219 1180 1272 1203 11ιο
1294 1169 1491 1212 induxerat),
1515 1168 1575 1202 sed
1587 1173 1623 1202 ut
1646 1169 1700 1203 hic
1723 1170 1807 1203 nihil
1829 1174 1983 1214 mutetur,

244 1223 383 1247 acumen
406 1214 533 1247 salvum
557 1214 627 1247 erit.
674 1213 810 1247 Meliora
833 1214 920 1247 enim
944 1214 1127 1247 Meinekius
1150 1214 1195 1247 ad
1219 1214 1344 1248 Gallim
1369 1225 1401 1257 p.
1429 1215 1493 1246 271
1519 1224 1572 1247 1110
1595 1213 1717 1257 docuit,
1757 1225 1900 1257 quocum
1923 1215 1983 1249 ibi-

244 1257 320 1293 dem
338 1259 501 1302 Hauptius
524 1263 612 1293 recte
635 1259 810 1302 consensit,
835 1259 925 1293 hisce
937 1258 1131 1293 Callimachi
1154 1259 1264 1293 verbis
1287 1260 1368 1293 1111111
1392 1269 1466 1293 0880
1488 1259 1609 1293 sanius
1655 1260 1811 1294 Attamen
1835 1260 1870 1294 id
1893 1260 1983 1304 quod

244 1304 409 1337 Meinekio
432 1304 454 1336 l.
477 1304 499 1336 l.
551 1305 646 1337 ,271
680 1308 713 1336 et
742 1304 785 1337 ad
810 1304 975 1338 Theocrit.
999 1304 1103 1348 XVII,
1129 1305 1172 1337 58
1196 1316 1228 1354 p.
1250 1305 1314 1337 317
1340 1305 1475 1348 placuit,
1498 1304 1661 1337 Arsinoen
1681 1304 1847 1348 Smyrnae
1868 1310 1982 1339 natam

245 1359 328 1392 esse,
352 1349 422 1382 sine
446 1349 512 1382 ullo
525 1316 620 1382 teste
643 1348 767 1382 dictum
791 1352 841 1382 est
864 1353 896 1383 et
920 1359 960 1382 ex
985 1348 1035 1382 his
1058 1353 1184 1382 tantum
1208 1348 1317 1383 {erbis
1341 1350 1395 1381 καὶ
1408 1347 1573 1392 Σμύρνης
1595 1349 1755 1383 audacius
1780 1351 1982 1385 conclusum.

244 1394 419 1427 Enimvero
442 1394 487 1427 ad
510 1394 665 1427 tuendam
689 1394 884 1438 scripturam
908 1395 962 1426 καί
986 1392 1149 1437 Σμύρνης
1181 1394 1261 1428 satis
1286 1399 1345 1438 est,
1376 1394 1595 1438 Smyrnenses
1624 1394 1787 1429 Arsinoae
1817 1399 1851 1429 et
1872 1396 1981 1430 Ptole-

244 1450 330 1473 maer
342 1439 552 1483 Philadelphi
575 1439 683 1491 gratia
705 1439 863 1483 floruisse,
889 1450 954 1473 non
978 1450 1042 1482 quo
1065 1438 1188 1473 ibidem
1201 1440 1339 1473 Arsinoe
1362 1444 1443 1473 nata
1465 1439 1573 1483 fuerit,
1597 1440 1657 1473 sed
1680 1441 1765 1474 alias
1789 1442 1831 1475 011
1852 1451 1982 1484 0311838,

245 1494 330 1527 quae
353 1485 475 1518 multae
499 1484 679 1529 excogitari
709 1489 855 1538 possunt
900 1484 952 1518 Ita
981 1488 1013 1518 et
1037 1484 1260 1519 Callimachus
1290 1485 1344 1518 καὶ
1368 1483 1532 1528 Σμύρνης
1563 1485 1751 1530 scripserat,
1785 1490 1819 1520 et
1840 1486 1982 1521 Arsinoe

244 1541 311 1564 non
333 1530 494 1574 Smyrnae
518 1530 577 1564 sed
600 1531 656 1564 ubi
679 1530 822 1564 maxime
851 1529 1023 1574 credimus,
1052 1529 1274 1564 Alexandriae
1305 1531 1338 1564 in
1369 1531 1475 1564 lucem
1507 1529 1598 1564 edita
1629 1536 1707 1565 erat.
1756 1531 1852 1566 Nunc
1882 1531 1980 1566 Calli-

244 1575 353 1611 machi
377 1575 418 1610 de
441 1576 566 1611 nautilo
591 1576 794 1633 epigramma
818 1576 980 1620 integrum
1003 1575 1133 1610 videtur
1156 1576 1389 1631 adponendum
1415 1586 1505 1611 esse:

569 1622 706 1667 Κογχος
722 1624 803 1678 ἐγω,
830 1622 1003 1665 Ζεφυρῖτι,
1027 1620 1134 1655 πάλαι
1156 1621 1244 1660 τεός·
1271 1620 1353 1655 ἀλλὰ
1380 1620 1421 1655 σύ
1447 1625 1509 1656 νῦν
1531 1634 1589 1666 (ιε,

676 1665 807 1709 Κύπρι,
833 1667 1020 1709 Σεληναίης
1044 1666 1187 1710 ἄνθεμα
1211 1671 1350 1724 πρῶτον
1372 1666 1459 1721 ἔχεις

569 1711 739 1745 ναυτίλον·
767 1712 803 1750 ὃς
826 1710 1026 1765 πελάγεσσιν
1051 1712 1229 1751 ἐπέπλεον,
1257 1714 1287 1746 εἰ
1309 1714 1376 1754 μὲν
1400 1711 1515 1754 ἀῆται,

673 1756 785 1794 τείνας
808 1756 939 1790 οἰκείων
961 1757 1080 1811 λαῖφος
1104 1755 1174 1790 ἀπὸ
1198 1755 1390 1801 προτόνων·

569 1805 599 1836 εἰ
622 1803 655 1835 δὲ
679 1802 846 1855 γαληναίη
871 1801 995 1855 λιπαρῆ
1020 1802 1115 1842 θεὸς,
1144 1800 1243 1840 οὖλος
1266 1802 1411 1845 ἐρέσσων
1957 1806 1979 1838 5

674 1846 812 1881 ποσσίν·
840 1846 885 1880 ἴδ’
912 1845 956 1885 ὡς
978 1845 1091 1892 τῶργῳ
1115 1846 1289 1902 τοῦνομα
1299 1847 1516 1902 συμφέρεται.

569 1895 602 1924 ἐκ
627 1892 659 1925 δ”
687 1892 812 1925 ἔπεσον
835 1891 930 1935 παρὰ
956 1896 1057 1930 θῖνας
1076 1892 1245 1936 Ἰουλίδος,
1271 1891 1360 1935 ὄφρα
1377 1894 1536 1948 γένωμαι

677 1937 731 1971 σοι’
752 1950 784 1971 τι
807 1936 1031 1979 περίσκεπτοι
1055 1937 1226 1992 παίγνιον,
1252 1935 1426 1980 Ἀρσινόη,

566 1981 657 2027 μηδὲ
679 1995 742 2027 μοι
764 1984 801 2017 ἐν
823 1980 1026 2028 θαλάιιηων
1049 1980 1100 2017 ἔθ’
1128 1980 1172 2022 ὡς
1194 1980 1306 2037 πάρος
1332 1982 1416 2027 (εἰμι
1439 1980 1504 2028 γὰρ
1518 1980 1650 2027 ἅπτήν)

673 2028 832 2083 τίκτηται
848 2022 988 2070 δολερής
1012 2027 1097 2060 ὤεον
1121 2027 1297 2070 ἀλκυὸννς.
1939 2031 1981 2062 10

568 2071 730 2108 Κλεινίου
753 2070 835 2107 ἀλλα
852 2071 1005 2129 θυγατρί
1030 2071 1127 2108 δίδου
1147 2071 1255 2128 χάριν·
1284 2071 1355 2107 οἶδε
1377 2071 1442 2118 γὰρ
1466 2071 1573 2107 ἐσθλά

677 2119 781 2164 ῥέζειν
805 2118 861 2151 καὶ
883 2117 1046 2163 Σμύρνης
1069 2118 1160 2151 ἐστὶν
1184 2117 1241 2151 ἀπ’
1268 2117 1444 2156 Αἰολίδος.

350 2167 429 2200 Post
452 2171 500 2199 tot
522 2170 751 2207 tantorumque
774 2166 960 2199 criticorum
984 2176 1079 2199 curas
1110 2177 1175 2199 non
1207 2166 1317 2199 omnia
1342 2165 1538 2198 Callimachi
1570 2166 1813 2208 epigrammata
1843 2167 1979 2209 longam

242 2211 424 2247 orationem
447 2210 644 2256 desiderant,
668 2209 727 2246 sed
750 2209 979 2246 brevissimum
1002 2208 1155 2254 quodque
1178 2212 1211 2245 et
1242 2209 1345 2245 multa
1374 2209 1474 2245 etiam
1504 2208 1548 2244 de
1579 2209 1784 2256 longioribus
1814 2209 1979 2255 ejusmodi

243 2261 327 2301 sunt,
350 2261 387 2290 ut
409 2257 525 2310 paucis
547 2268 616 2290 rem
636 2238 738 2290 'liceat
760 2257 952 2300 transigere.
998 2256 1144 2295 Quorum
1167 2257 1344 2289 maximam
1375 2260 1504 2300 partem
1535 2266 1554 2289 0
1576 2257 1751 2290 communi
1779 2257 1871 2290 fonte
1894 2257 1979 2290 deri-

242 2306 354 2338 vatam
376 2303 498 2337 scimus
523 2302 742 2354 Anthologiae
767 2306 799 2336 et
822 2302 933 2336 omnia
946 2301 1024 2354 ‘jam
1047 2300 1171 2336 dudum
1194 2305 1347 2336 accurate
1366 2302 1506 2336 collecta
1529 2312 1610 2336 esse
1657 2302 1745 2337 Raro
1768 2306 1881 2337 autem
1902 2303 1979 2337 aliis

242 2349 309 2383 vel
318 2348 532 2393 scriptoribus
554 2348 682 2401 graecis
705 2348 758 2381 vel
780 2347 1005 2392 grammaticis
1023 2346 1127 2381 Suida
1148 2346 1388 2391 antiquioribus
1411 2346 1459 2380 uti
1483 2347 1654 2393 contingit,
1678 2347 1735 2392 qui
1757 2347 1823 2392 ipsi
1847 2357 1979 2392 quoque

241 2395 311 2437 aliq
310 2393 377 2428 uod
401 2393 595 2427 Callimachi
625 2393 829 2437 epig-'ramma
858 2392 1045 2427 adtulerint.
1096 2392 1190 2426 Adeo
1214 2393 1418 2445 plerumque,
1448 2396 1485 2425 ut
1515 2392 1559 2426 de
1581 2393 1732 2427 Planude
1763 2398 1905 2436 (3003111,
1933 2393 1979 2447 ⁸5¹

241 2438 428 2475 Palatinum
452 2438 609 2484 codicem,
633 2438 793 2485 optimum
822 2438 915 2473 illum
946 2437 1088 2484 quidem,
1119 2442 1333 2474 veruntamen
1363 2438 1498 2474 unicum
1527 2449 1581 2474 res
1611 2437 1720 2474 rediit.
1767 2437 1840 2481 Quo
1871 2438 1979 2485 magis

249 2576 255 2584 ,
295 2578 309 2605 ἐ
349 2542 376 2591 τ)
397 2543 595 2574 Callimachus,
615 2543 657 2567 vir
675 2542 758 2575 longe
779 2542 956 2568 doctissimus
976 2542 1044 2568 talia
1064 2550 1175 2576 qnoque
1198 2542 1342 2575 explorata
1356 2542 1491 2568 habebat:
1513 2543 1664 2575 scripserat
1685 2543 1757 2568 enim
1777 2542 1877 2568 librum
1890 2541 1978 2575 ‚ll-01

241 2586 295 2613 ορν
311 2587 351 2604 ων
365 2597 372 2604 .
