2449 2830
466 114 489 150 8

466 219 650 253 Meinekius
675 229 741 252 non
765 219 854 263 item,
878 219 973 262 cujus
996 219 1060 252 loci
1084 219 1191 252 minus
1216 219 1337 252 habent
1361 219 1517 253 offensae.
1563 219 1635 263 Ego
1666 223 1777 253 tamen
1801 230 1867 253 non
1890 209 2136 263 Valckenario,-
2148 220 2205 264 qui

466 265 568 298 verba
592 263 731 309 ἀγαθὸν
755 246 854 317 χάλα
875 268 1028 308 corrupta
1060 264 1172 307 voluit,
1205 264 1264 298 sed
1288 264 1453 298 Meinekio
1484 264 1652 298 adsentior
1683 264 1814 309 ipsique
1836 264 1999 307 Bentlejo,
2038 264 2091 298 cui
2121 264 2205 299 haee

465 309 632 354 adpositio
655 310 857 355 peculiarem
881 309 1046 362 quandam
1071 291 1271 354 elegantiam
1295 309 1416 343 habere
1448 310 1521 343 visa
1550 313 1608 343 est.
1656 308 1780 349 Quodsi
1811 309 1893 343 nihil
1921 309 2113 344 mutandum
2145 313 2205 354 est,

467 359 601 408 poetam
626 355 779 389 crederes
803 367 868 389 non
892 355 934 389 de
958 356 1083 388 nutrice
1107 356 1251 388 lactante
1274 355 1363 398 loqui
1388 355 1447 388 sed
1471 355 1512 388 de
1536 366 1639 388 vacca
1662 354 1767 388 nitida
1791 358 1824 388 et
1846 354 2005 407 laetifera,
2028 366 2114 398 quae
2136 356 2225 409 ple-⁴

466 401 518 435 nis
541 401 697 436 uberibus
719 403 803 435 ferat
825 401 881 435 niv
883 411 958 435 eum
983 405 1104 435 nectar.
1151 401 1199 435 Ac
1224 401 1369 446 profecto
1394 400 1435 435 de
1453 400 1600 436 Aeschra
1623 399 1760 444 nutrice,
1784 399 1879 453 quasi
1903 399 1944 435 de
1967 411 2072 436 vacca
2093 412 2150 446 agi
2173 405 2206 437 et

465 447 501 480 in
526 456 566 480 ea
591 457 626 480 re
649 447 748 489 hujus
773 447 1021 490 epigrammatis
1053 446 1141 480 cerni
1173 456 1321 488 acumen,
1354 446 1453 479 etiam
1483 456 1501 479 e
1530 457 1561 478 v.
1585 447 1607 478 4
1631 446 1760 489 colligo,
1793 446 1821 478 si
1844 445 1942 478 modo
1964 445 2050 478 hunc
2073 457 2205 480 versum

466 496 555 526 recte
578 491 763 525 emendavi.
811 492 852 525 Et
881 491 1066 525 Meiuekius
1091 491 1223 534 quidem
1255 491 1300 525 ibi
1330 491 1496 525 Brunckio
1527 491 1611 524 duce
1642 491 1689 524 sic
1722 490 1840 525 edidit.
1876 490 1898 533 ἡ
1928 492 2034 535 γρῆϋς
2062 495 2206 535 μαστῶν

468 536 511 575 ὡς
536 536 650 582 ἀπέχει
672 536 821 582 χάριτας,
850 537 1024 572 Jacohsius
1048 542 1157 571 autem
1182 537 1228 571 ita
1252 536 1410 580 conjecit:
1442 549 1463 580 η
1488 540 1592 581 γρηῦς
1615 534 1676 574 τὰς
1697 540 1840 580 ,tantorum
1866 538 1971 619 (nong
1968 539 2034 569 τῶν
2045 538 2203 582 μαστῶν)

468 599 512 638 ὡς
537 599 651 655 ἀπέχει
674 598 822 645 χάριτας.
871 601 915 634 At
946 611 1024 634 vero
1056 600 1089 634 in
1122 599 1193 633 cod.
1224 600 1375 634 Palatino
1406 600 1452 633 ita
1480 599 1638 656 scriptum
1674 603 1740 633 est:
1776 595 1953 644 ἦγρῆϋςω
1955 595 2138 642 Spumant
2162 599 2205 639 ὡς

468 645 530 678 ἀπ.
553 645 627 690 χάρ.
668 646 742 685 Qua
753 646 894 679 lectione
918 646 1050 679 innixus
1073 646 1120 678 ita
1144 645 1286 688 corrigo:
1310 644 1330 687 ἡ
1356 649 1460 689 γρηῦς
1485 647 1532 678 ὡν
1554 650 1694 687 ιιαστών
1719 645 1759 682 ἅς
1783 644 1895 689 ἀπέχει
1918 644 2064 697 χάριτας,
2088 644 2122 679 id
2145 649 2205 689 est,

468 691 585 734 ,qualis
609 696 725 734 (quam
748 690 914 744 turgidae)
939 702 1101 724 mammae
1134 690 1263 742 qualem
1298 690 1438 734 gratiam
1473 690 1575 724 ferat‘.
1622 690 1749 735 Nempe
1774 690 1907 734 Miccus,
1942 690 2018 735 pius
2052 690 2205 724 aIumnus

467 736 635 768 Aesehrae
659 737 777 769 nutrici
802 737 854 768 vel
879 741 1027 768 mortuae
1051 736 1230 778 imaginem
1279 735 1441 769 onendam
1466 740 1647 769 curaverat.
1682 736 1757 768 Non
1781 736 1888 769 minus
1912 735 2023 779 lepide
2046 736 2205 779 scriptum

468 785 517 814 est
541 780 648 814 simile
671 781 886 832 epigramma,
918 792 984 815 non
1008 780 1089 814 illud
1118 786 1227 813 tamen
1253 747 1485 814 ἓαΙΙίιιιιιοΙιὶ
1476 780 1510 813 in
1533 779 1631 813 Anth.
1656 780 1724 814 Pal
1748 779 1922 824 V11‚456,
1952 779 2008 814 ubi
2031 780 2132 814 Hiero
2155 780 2204 814 Si-

466 824 620 869 lenidem,
644 825 804 859 nutricem
828 836 921 858 suam
945 830 1105 858 mortuam
1135 825 1292 868 singulari
1316 826 1439 868 pietate
1463 825 1582 858 dicitur
1605 830 1798 868 prosecutus
1827 835 1909 858 esse.
1956 826 2077 859 Silenis
2099 826 2205 860 fuerat

466 870 593 913 bibosa,
623 871 711 913 quod
743 881 808 904 non
838 871 909 904 sine
940 870 1091 904 acumine
1124 870 1306 914 expositum
1337 876 1395 903 est.
1453 871 1503 904 Ita
1532 870 1631 914 igitur
1662 869 1742 904 illud
1775 869 1968 904 Callimachi
2000 870 2205 915 epigramma

468 915 552 948 corri
577 926 614 948 o:

554 927 577 960 g
803 959 879 1004 'le-it
907 960 1059 1005 Φρυγιῃν
1082 961 1249 1014 Αἱσχρην,
1277 958 1415 1016 ἀγαθὸν
1437 958 1536 1013 γάλα,
1563 963 1668 993 udan
1693 962 1730 994 ἐν
1754 959 1890 998 ἔσθ-λαις

905 1006 1035 1044 Μίκκος
1059 1006 1112 1039 καὶ
1137 1004 1223 1049 ζωὴν
1249 1019 1286 1039 οι
1293 1018 1357 1040 σαν
1381 1004 1605 1061 impendium,

797 1052 851 1084 καὶ
876 1053 1054 1095 φθιμενην
1078 1051 1259 1098 ἀνέθηκεν
1287 1052 1566 1106 ἐπεσσομένοισιν
1592 1050 1754 1094 ὁρᾶσθαι,

907 1096 927 1140 ἡ
952 1101 1057 1142 γρηῦς
1082 1093 1128 1130 ὧν
1150 1100 1294 1140 ,stafiva-JV
1318 1110 1357 1135 ας
1382 1096 1495 1142 ἇπὸχδί
1517 1095 1665 1141 χάριτας.

577 1142 644 1175 Sed
674 1153 773 1184 quum
805 1153 946 1185 magnae
976 1143 1074 1184 hujus
1106 1143 1168 1176 loci
1198 1143 1371 1187 angustiae
1402 1143 1497 1187 plura
1526 1153 1591 1176 non
1624 1143 1767 1187 capiant,
1797 1143 1876 1176 alibi
1907 1142 1950 1175 de
1973 1143 2205 1176 Callimacheis

469 1187 684 1232 epigr-amatis
707 1186 868 1221 disserere
892 1197 1038 1232 pergam
1052 1188 1084 1222 *)
2168 1209 2170 1211 -

576 1313 602 1346 *)
620 1315 817 1340 Bachmanuus
836 1318 932 1340 noster
951 1316 978 1340 in
990 1315 1163 1340 Callimacho
1183 1316 1231 1340 diu
1250 1323 1283 1341 ac
1303 1316 1419 1340 multum
1439 1319 1567 1341 versatus
1587 1319 1638 1346 est,
1658 1316 1686 1340 id
1706 1317 1780 1348 quod
1800 1316 1845 1341 vel
1865 1324 1879 1340 e
1891 1316 2015 1341 Meineki
2024 1317 2203 1342 Praefatione

468 1360 495 1384 p.
514 1351 581 1377 vl
579 1351 759 1377 oncluditur.
800 1352 862 1382 Quo
883 1352 971 1384 magis
991 1351 1083 1383 doleo,
1104 1351 1314 1377 Bachmannum
1333 1353 1374 1384 (ut
1393 1351 1427 1377 ab
1453 1352 1514 1385 ipso
1539 1335 1647 1385 accepi)
1674 1352 1701 1377 in
1726 1351 1835 1384 hymnis
1860 1351 1926 1378 solie
1950 1351 2009 1378 fere
2034 1352 2204 1385 elaborasse,

468 1395 525 1412 ιιοιι
544 1388 611 1412 item
631 1388 658 1412 in
679 1388 898 1421 epigrammatis.
938 1389 973 1413 At
993 1389 1033 1413 sie
1054 1396 1166 1421 quoque
1186 1391 1217 1413 ut
1236 1397 1270 1413 ea
1290 1396 1361 1421 quae
1392 1388 1425 1413 de
1453 1388 1562 1421 hymnis
1582 1388 1748 1413 Callimachi
1773 1389 1887 1421 egregie
1914 1392 2116 1438 commentatus
2142 1398 2204 1415 esse

468 1423 588 1452 videtur.
609 1432 691 1456 quam
711 1424 829 1457 primum
849 1424 923 1456 edat,
943 1424 1085 1450 literarum
1108 1432 1194 1450 causa
1214 1424 1364 1458 optandum
1386 1428 1437 1450 est.
