2449 2830
415 121 441 156 4

417 223 477 259 sed
501 223 601 258 etiam
624 226 760 257 nautam
785 232 858 257 esse
881 222 1147 256 manifestarium.
1194 222 1260 255 Sed
1285 222 1340 265 qui
1369 222 1447 255 olim
1479 215 1585 267 ,primi
1609 222 1739 255 nautae‘
1763 221 1910 265 fuissent,
1934 221 2154 266 disceptatum

417 273 485 313 est,
517 279 619 312 quum
648 272 769 313 poetae
800 268 949 312 plerique
980 268 1031 310 (ut
1062 268 1201 302 Ovidius
1224 269 1334 308 Amor.
1366 267 1390 311 I,
1424 268 1475 311 15,
1506 269 1548 301 21
1582 271 1614 300 et
1637 267 1797 302 Martialis
1819 266 1892 311 VII,
1919 268 1969 311 19,
1994 268 2030 310 2)
2065 267 2155 346 Argo

416 325 537 349 navem
560 314 662 348 fuisse
686 313 831 348 omnium
854 313 995 358 primam
1018 317 1183 356 canerent,
1207 313 1265 347 alii
1288 317 1398 347 autem
1421 313 1505 347 bene
1528 312 1622 347 multi
1644 323 1699 356 ap.
1722 303 1865 346 Plinium
1887 313 1929 346 Η.
1952 313 1992 346 N.
2017 312 2089 365 vn,
2133 313 2152 346 7

417 361 508 395 sacta
527 371 549 395 a
572 360 681 404 poetis
704 359 891 394 secessione
914 369 1018 393 novas
1050 359 1135 393 inter
1158 369 1194 392 se
1218 359 1307 392 rixas
1330 362 1484 391 sererent.
1531 357 1657 398 Quibus
1681 357 1810 391 videtur
1833 357 2056 392 Callimachus
2075 368 2154 401 Joco

418 406 466 440 ita
489 405 700 451 respondere,
731 409 766 438 ut
796 408 948 438 naturam
982 405 1091 449 ipsam
1127 405 1191 438 arti
1219 405 1384 448 praeferat
1416 414 1521 447 neque
1550 404 1639 448 Argo
1672 402 1731 438 sed
1759 402 1876 437 nautili
1905 403 2064 438 concham
2093 414 2154 449 pro

418 452 528 496 prima
558 462 645 485 nave
668 450 800 493 habeat,
831 460 939 493 neque
970 450 1127 484 Jasonem
1156 449 1246 483 dicat
1275 450 1401 494 primae
1432 449 1511 482 ratis
1542 449 1724 482 molitorem
1753 449 1864 492 fuisse,
1904 449 1964 482 sed
1994 450 2155 483 naufflum

419 497 590 542 polypum.
638 495 678 528 V.
702 496 734 529 4.
779 495 937 529 Similiter
959 495 1086 528 Plinius
1110 495 1150 529 N.
1175 495 1215 528 H.
1239 495 1298 537 IX,
1323 496 1365 528 88
1397 495 1602 537 ‚velificante‘
1633 494 1825 527 membrana
1852 495 2012 528 nautilum
2043 498 2156 528 narrat

419 544 454 575 in
477 553 559 575 aura
582 542 759 584 navigare:
799 541 833 574 id
862 540 950 583 quod
982 541 1085 574 nostri
1116 545 1253 574 naturae
1284 544 1481 574 scrutatores
1512 544 1601 573 recte
1631 539 1755 573 dictum
1786 550 1859 573 esse
1882 544 2015 584 negant.
2060 539 2098 574 V.
2123 540 2155 573 6.

419 587 548 620 ποσσὶν
581 585 618 618 ἵν’
647 584 720 619 ὥστ’
748 588 831 631 ἔργω
857 585 930 619 cod.
953 585 1106 619 Venetus.
1154 584 1198 623 ὡς
1227 584 1338 629 τῶργῳ
1369 585 1409 618 Μ.
1434 585 1598 629 Hauptius
1628 585 1752 629 optime
1783 585 1934 618 correxit.
1979 585 2156 619 Praeterea

419 631 557 665 ποσσίν·
587 631 631 664 ἴδ’
658 635 747 665 recte
771 642 845 665 cum
862 631 900 665 Ο.
917 630 1117 665 Schneidero
1142 632 1180 664 A.
1192 631 1385 674 Meinekius,
1409 630 1464 673 qui
1490 629 1533 663 ἴδ’
1561 628 1604 667 ὡς
1627 630 1782 673 frequens
1805 641 1878 664 esse
1901 630 2009 675 poetis
2031 629 2155 664 Antho-

419 677 529 722 logiae
553 675 665 710 docuit
688 677 723 710 in
744 677 886 710 Delectu
910 676 947 710 P.
970 676 1008 710 A.
1033 676 1089 710 Gr.
1114 688 1145 721 p.
1176 677 1246 710 179.
1293 676 1332 709 V.
1358 677 1387 709 7.
1418 676 1491 709 libri
1515 675 1548 713 ’ἐς
1571 675 1597 709 τ’
1624 675 1761 709 ἔπεσον.
1811 676 1855 709 At
1877 678 2031 709 ἐκπεσεῖν
2053 676 2154 710 verbo

421 733 505 767 opus
529 726 588 756 est.
635 722 750 765 Itaque
774 722 1022 755 Hemsterhusio
1045 728 1180 755 auctore
1203 722 1377 754 Jacobsius
1401 725 1433 753 et
1456 721 1646 754 Dindorfius
1670 719 1705 753 ἓκ
1729 720 1754 753 τ’
1782 720 1908 754 ἔπεσον
1932 721 2154 754 emendarunt.

421 768 533 802 Malim
557 772 687 801 tamen:
728 770 761 800 ἐκ
787 766 818 800 δ’
846 766 982 800 ἔπεσον.
1033 767 1116 800 Ibid.
1137 766 1296 804 Ἰουλίὸος
1328 767 1581 810 Causaubonus‚
1613 766 1687 800 libri
1722 765 1880 804 ἰουλίδας.
1925 766 2004 801 Sine
2035 765 2156 801 idonea

421 824 523 848 causa
546 813 733 847 Meinekius
759 812 910 850 Ἰωνὶὸ“ας
940 813 1092 856 conjecit.
1146 812 1253 852 Quum
1284 813 1371 846 enim
1399 813 1516 846 nautili
1545 813 1680 846 inventu
1712 813 1777 846 sint
1805 812 1973 856 rarissimi,
2009 823 2075 846 non
2104 816 2156 846 est

422 858 511 903 quod
534 858 699 902 miremur,
724 858 767 892 ab
791 858 910 892 Selene
933 858 1116 902 Smyrnaea
1140 858 1250 902 puella
1273 869 1337 891 nou
1362 857 1450 891 domi
1483 858 1542 892 sed
1564 858 1608 891 ad
1631 859 1708 891 litus
1732 858 1819 891 Ceae
1843 858 1972 892 insulae
1995 858 2155 892 nautilum

420 905 474 938 vel
499 908 622 938 emtum
646 914 719 938 esse
743 904 796 938 vel
820 905 998 938 inventum.
1045 904 1084 938 V.
1109 906 1135 938 «3.
1176 916 1229 938 σοι
1251 917 1283 937 τι
1305 902 1531 947 περίσκεπτον
1559 903 1729 938 Ernestius
1759 908 1856 938 recte.
1905 916 1959 938 σοι
1987 902 2026 937 τὸ
2059 902 2156 947 περί-

423 962 568 984 σκεπτον
593 949 669 983 libri
692 949 783 994 apud
806 949 1021 984 Athenaeum.
1070 962 1123 982 σοι
1146 949 1371 993 περίσκεπτον
1395 950 1474 994 legit
1496 950 1639 993 Etymol.
1663 949 1705 983 M.
1729 961 1762 994 p.
1775 951 1851 993 664,
1865 951 1919 983 49.
1965 949 2016 982 Ex
2039 949 2156 983 eodem

421 996 612 1039 Etymologi
645 996 718 1029 loco
750 994 910 1038 Ἀρσινόη
947 996 1130 1030 restitutum
1167 1000 1226 1038 est,
1262 1006 1361 1038 quum
1396 996 1428 1029 in
1458 995 1628 1029 Athenaeo
1664 995 1738 1029 libri
1775 993 1936 1039 ἁρσινόης
1971 995 2155 1029 exhibeant.

422 1041 461 1073 V.
487 1042 507 1073 9
532 1051 579 1083 sq.
623 1040 718 1079 Quae
747 1039 789 1073 de
820 1040 919 1083 hujus
947 1040 1078 1074 distichi
1108 1040 1271 1073 sententia
1300 1041 1494 1084 interpretes
1526 1041 1701 1074 commenti
1733 1045 1819 1083 sunt,
1850 1051 1890 1075 ea
1920 1041 2041 1085 partim
2071 1041 2156 1074 infra

421 1086 528 1131 posui,
560 1089 596 1119 ut
626 1086 734 1120 minus
763 1085 863 1120 utilia.
877 1087 909 1128 *J
955 1085 1034 1120 Mihi
1058 1085 1190 1129 quidem
1214 1091 1246 1120 et
1270 1096 1354 1129 quae
1378 1085 1430 1120 hio
1454 1090 1608 1131 corrupta
1630 1089 1714 1130 sunt,
1737 1086 1855 1120 melius
1866 1086 2019 1120 videntur
2037 1085 2157 1130 corrigi

422 1142 522 1177 posse
546 1136 579 1165 et
602 1131 705 1165 verba
728 1133 764 1163 ἐν
782 1130 984 1176 θαλάμῃσιν
1008 1136 1096 1165 recte
1118 1135 1217 1174 atque
1240 1131 1354 1165 ordine
1377 1132 1547 1175 explicari.
1593 1133 1760 1175 Principio
1784 1134 1821 1165 ἐν
1844 1130 2047 1175 θαλάμῃσιν
2074 1131 2156 1165 nihil

421 1177 514 1211 aliud
538 1187 612 1211 esse
634 1181 749 1221 potest
766 1177 829 1210 nisi
853 1177 932 1210 hoe:
958 1177 1001 1220 ,in
1025 1177 1141 1211 nautili
1165 1177 1345 1210 eubilibus.‘
1392 1177 1478 1210 Nam
1490 1175 1635 1221 θαλάμη
1660 1177 1765 1222 ipsius
1787 1177 1905 1222 polypi
1928 1176 2035 1211 cubile
2057 1176 2156 1210 deno-

420 1226 471 1256 tat
492 1222 526 1255 in
551 1221 672 1265 odyss.
698 1222 725 1261 ε’,
751 1222 836 1255 432:
860 1221 1078 1259 πουλύποδος
1101 1221 1266 1265 θαλάμης
1290 1223 1528 1265 ἐξελκομένοιο,
1555 1223 1589 1257 in
1612 1223 1733 1266 Hymn.
1757 1223 1865 1267 Apoll.
1888 1234 1919 1256 v.
1945 1223 2003 1256 77:
2027 1219 2157 1256 πουλύ-

421 1266 528 1304 ποδες
552 1266 584 1300 δ’
612 1270 647 1299 ἐν
673 1266 751 1310 ἐμοὶ
774 1265 998 1310 θαλάμας-
1015 1266 1232 1312 ποιήσονται,
1259 1267 1292 1300 in
1316 1268 1491 1301 Aristotele
1514 1279 1569 1312 ap.
1592 1268 1709 1301 Athen.
1735 1268 1796 1300 Vll
1820 1279 1852 1312 p.
1877 1268 1953 1310 317,
1977 1278 1997 1302 e
2020 1267 2101 1310 (bis)
2124 1271 2157 1300 et

422 1313 536 1356 paullo
560 1315 637 1346 ante
661 1323 693 1356 p.
719 1313 795 1355 316,
820 1311 858 1345 d:
889 1311 931 1344 τὰ
958 1311 1104 1355 ὄστρακα
1128 1316 1196 1346 τῶν
1219 1313 1391 1355 θαλαμῶν
1414 1312 1554 1356 ῥίπτων,
1586 1324 1671 1356 quae
1702 1314 1749 1347 ita
1780 1313 1878 1347 vertit
1900 1313 2026 1347 Plinius
2048 1313 2089 1347 N.
2114 1312 2156 1345 H.

421 1357 480 1400 IX,
505 1358 563 1390 86:
595 1357 872 1400 ‚praejacentibus
895 1358 987 1391 testis
1019 1358 1126 1391 cubile
1157 1368 1269 1391 eorum
1299 1358 1575 1402 deprehenditur‘.
1628 1359 1680 1392 De
1710 1359 1849 1402 piscium
1881 1358 1981 1391 cubili
2009 1356 2154 1400 θαλάμη

421 1402 556 1446 saepius
580 1406 629 1435 est
653 1413 707 1445 ap.
733 1401 921 1445 Oppianum
945 1403 1033 1435 velut
1056 1403 1090 1436 in
1113 1403 1187 1435 Hal.
1212 1414 1243 1435 v.
1268 1403 1335 1436 :264
1358 1407 1390 1436 et
1413 1414 1445 1436 v.
1469 1404 1546 1436 445.
1592 1403 1685 1447 Opus
1716 1407 1766 1438 est
1794 1407 1904 1437 autem
1934 1403 1969 1436 in
1993 1401 2156 1446 ejusmodi

420 1447 504 1481 locis
527 1457 650 1491 genere
673 1447 846 1481 foemineo.
893 1447 943 1481 Ita
979 1452 1176 1492 ,serpentum
1213 1447 1358 1481 latibula‘
1394 1446 1558 1490 θαλάμας
1593 1448 1703 1492 potius
1738 1459 1836 1492 quam
1872 1446 2055 1491 θαλάμους
2090 1447 2155 1480 dici

421 1492 663 1526 Valckenarius
697 1492 741 1525 ad
773 1492 943 1526 Phoeniss.
979 1504 1009 1525 v.
1040 1494 1105 1526 938
1145 1493 1228 1526 bene
1266 1493 1418 1526 ostendit.
1487 1493 1617 1527 Deinde
1651 1493 1694 1527 de
1728 1505 1828 1537 apum
1870 1494 1963 1527 cellis
1991 1493 2156 1537 Vergilius

421 1537 543 1581 Georg.
568 1537 623 1580 IV,
640 1537 721 1571 188:
769 1538 867 1581 ‚Post‚
892 1537 947 1571 ubi
967 1537 1039 1580 jam
1063 1538 1216 1572 thalamis
1240 1549 1276 1572 se
1288 1549 1512 1583 composuere,
1536 1538 1675 1573 siletur‘:
1699 1538 1816 1582 quodsi
1839 1539 1923 1573 forte
1946 1549 1965 1573 e
1988 1537 2155 1572 Nicandro

422 1582 629 1628 Colophonio
653 1582 736 1616 haec
749 1592 880 1627 quoque
891 1587 998 1617 sumta
1016 1588 1101 1628 sunt,
1125 1582 1290 1626 θαλάμας
1312 1584 1436 1618 dixisse
1448 1584 1615 1619 Nicander
1638 1585 1821 1619 censendus
1845 1588 1904 1628 est,
1928 1585 2013 1618 sicut
2023 1584 2156 1629 Apollo-

420 1629 517 1662 nides
551 1629 585 1662 in
620 1629 754 1662 Anthol.
778 1630 851 1662 Pal.
876 1629 930 1672 VI,
955 1631 1020 1663 :239
1044 1642 1074 1663 v.
1099 1631 1120 1663 6
1156 1630 1255 1664 habet
1290 1638 1495 1674 κηροπαγεῑς
1529 1628 1705 1673 θαλάμας.
1754 1631 1903 1674 Itemque
1937 1629 1979 1664 de
2013 1629 2155 1664 ferarum

420 1674 533 1709 lustris
556 1674 667 1719 posuit
689 1673 903 1708 Dioscorides
926 1674 1058 1709 Anthol.
1082 1675 1151 1709 Pal.
1175 1675 1230 1719 Vl,
1257 1675 1324 1710 220
1347 1687 1378 1709 v.
1406 1676 1453 1710 15.
1500 1675 1567 1710 Sed
1590 1679 1716 1710 tantum
1747 1676 1851 1720 abest,
1882 1679 1918 1710 ut
1942 1675 2156 1710 Casaubonus

420 1720 544 1763 aliique
568 1720 729 1753 nautilum
754 1724 842 1754 recte
866 1720 1008 1753 dixerint
1031 1721 1192 1754 alcedinis
1214 1721 1292 1754 nido
1317 1721 1484 1764 delectari,
1517 1726 1552 1754 ut
1575 1722 1647 1766 ipse
1671 1723 1906 1756 sententiarum
1929 1732 2033 1755 nexus
2056 1722 2156 1765 plane

420 1765 587 1800 contraria
610 1764 739 1798 doceat.
786 1765 916 1797 Etenim
941 1777 969 1799 v.
996 1767 1107 1799 7—10
1130 1766 1274 1799 nautilus
1297 1777 1333 1799 se
1356 1766 1436 1800 dicit
1460 1777 1534 1799 cum
1565 1767 1647 1800 mari
1678 1771 1800 1801 terram
1832 1767 2053 1801 continentem
2083 1777 2156 1810 per-

419 1815 566 1845 mutasse
589 1809 673 1845 duas
696 1810 740 1845 ab
765 1821 893 1854 causas,
918 1814 950 1845 et
974 1814 1008 1845 ut
1030 1810 1191 1846 Arsinoae
1215 1814 1344 1855 gratum
1366 1811 1490 1847 faceret
1514 1816 1547 1846 et
1558 1822 1636 1846 vero
1661 1812 1749 1856 quod
1773 1812 1963 1846 societatem
1985 1810 2156 1855 alcedinis,

420 1867 505 1900 quae
529 1856 563 1889 in
587 1856 704 1889 nautili
729 1856 892 1889 cubilibus
917 1866 1015 1889 ovum
1038 1857 1200 1900 pariebat,
1224 1868 1424 1901 magnopere
1447 1862 1603 1900 gravatus
1626 1862 1721 1891 esset.
1766 1859 1904 1900 Equuo
1923 1858 2155 1899 rursumsequi

419 1902 560 1945 videtur,
596 1913 637 1935 ne
673 1901 756 1935 haee
788 1901 921 1944 quidem
944 1901 1047 1936 verba
1079 1914 1109 1935 v.
1134 1903 1172 1935 9:
1209 1902 1278 1945 εἰμὶ
1302 1899 1366 1946 γὰρ
1390 1901 1523 1940 ἄπνους
1546 1913 1618 1937 esse
1642 1914 1740 1947 posse
1764 1903 1961 1947 incorrupta.
2008 1902 2155 1937 Tametsi

419 1947 506 1981 enim
531 1947 659 1980 coneha
682 1947 799 1980 nautili
824 1946 958 1984 ἄπνους
982 1957 1055 1980 esse
1079 1947 1110 1980 h.
1135 1958 1161 1980 e.
1186 1947 1255 1980 vita
1279 1958 1390 1981 carere
1420 1959 1480 1991 per
1511 1959 1546 1981 se
1577 1948 1642 1981 dici
1672 1953 1760 1981 recte
1790 1953 1918 1992 posset:
1950 1949 2013 1981 hoc
2043 1953 2154 1981 tamen

417 1993 492 2027 loco
517 2003 622 2026 nexus
645 1993 802 2036 postulat,
826 1996 861 2024 ut
885 1992 995 2036 potius
1019 1993 1092 2036 ejus
1115 1991 1183 2025 odii
1207 1994 1289 2024 ratio
1315 1991 1478 2034 reddatur,
1509 2004 1572 2035 quo
1602 1993 1745 2026 nautilus
1774 1993 1940 2027 ferebatur
1969 1993 2003 2027 in
2034 1992 2155 2027 alcedi-

417 2050 503 2080 nem,
528 2050 613 2079 quae
636 2042 704 2071 tam
729 2037 850 2080 cupide
873 2037 907 2071 in
931 2037 1075 2071 alienum
1099 2038 1207 2071 cubile
1232 2038 1420 2072 involasset.
1466 2038 1580 2081 Itaque
1612 2036 1728 2081 ἀπτήν
1751 2050 1810 2083 pro
1840 2037 1972 2076 ἄπνους
1996 2037 2154 2083 conjicio:

418 2082 489 2128 εἰμὶ
512 2082 577 2129 γάρ
603 2080 718 2127 ἀπτήν
751 2082 772 2117 i.
797 2091 824 2117 e.
850 2091 932 2127 ,sum
964 2082 1051 2117 enim
1075 2082 1241 2128 inplumis‚
1271 2082 1351 2126 sive,
1383 2092 1489 2127 neque
1520 2083 1607 2116 enim
1638 2093 1708 2117 sum
1740 2085 1830 2117 avis‘.
1876 2085 2014 2117 Prorsus
2038 2085 2154 2117 eodem

417 2129 516 2162 modo
540 2130 648 2172 homo,
673 2129 763 2171 quod
786 2140 853 2163 non
876 2129 950 2162 avis
973 2129 1025 2171 sit,
1049 2128 1164 2171 ἀπτὴν
1188 2129 1307 2161 dicitur
1329 2130 1541 2172 Aristophani
1572 2131 1605 2162 in
1628 2131 1711 2163 Avv.
1736 2142 1764 2164 v.
1790 2132 1853 2164 687
1879 2130 1990 2173 lepide
2012 2134 2048 2164 ut
2071 2130 2156 2165 solet

413 2174 551 2220 Jocanti.
598 2175 651 2219 At,
675 2174 791 2219 inquit,
821 2173 910 2210 unde
932 2173 1081 2209 auditum
1113 2173 1175 2209 hoc
1206 2173 1326 2219 adfers,
1358 2174 1391 2209 in
1422 2174 1618 2210 nautilorum
1651 2174 1749 2209 cubili
1781 2174 1965 2209 alcedinem
1989 2174 2154 2213 nidulari?

526 2278 554 2308 *)
575 2278 745 2303 Casaubono
763 2277 861 2310 judice
882 2276 1006 2303 nautilus
1036 2277 1135 2302 solitus
1156 2280 1217 2302 erat
1240 2280 1345 2310 petere,
1376 2281 1407 2303 ut
1426 2276 1569 2303 alcedines
1595 2276 1648 2303 sibi
1670 2275 1855 2304 nidificarent.
1893 2276 1992 2304 valide
2012 2276 2154 2313 Schweig-

417 2314 540 2341 haeuser
559 2313 730 2339 adsentitur:
760 2319 871 2347 tempus
891 2313 974 2346 enim,
995 2320 1050 2346 quo
1069 2312 1171 2346 alcyon
1192 2320 1246 2338 ova
1265 2314 1364 2346 pariat,
1385 2313 1420 2338 ob
1440 2321 1516 2338 mare
1535 2316 1602 2338 tunc
1621 2314 1800 2346 tranquillum
1819 2315 1925 2339 nautilo
1946 2316 2071 2347 inprimis
2089 2323 2153 2348 grn-

416 2356 474 2376 tum
496 2352 591 2376 fuisse.
631 2351 708 2375 ldem
730 2350 916 2376 Casaubonus
936 2359 962 2374 v.
978 2345 1179 2382 &uiduaehic
1200 2349 1358 2382 significare
1379 2349 1513 2375 censebat
1532 2349 1620 2382 ,nidos
1640 2347 1807 2383 alcyonum‘‚
1832 2350 1860 2377 id
1885 2350 1960 2384 qnod
1984 2350 2032 2378 ille
2053 2350 2154 2378 Goett-

416 2387 505 2421 lingio
524 2385 664 2420 probavit.
704 2385 806 2411 Plures
826 2386 933 2411 inventi
953 2389 1027 2416 sunt,
1048 2386 1095 2418 qui
1114 2393 1141 2410 v,
1160 2382 1298 2417 θαλάμας
1322 2386 1357 2410 de
1377 2385 1486 2410 concha
1505 2386 1603 2410 nautili
1624 2386 1695 2410 male
1715 2387 1885 2419 acciperent.
1923 2387 2002 2411 Unus
2022 2395 2088 2411 vero
2108 2387 2154 2411 hic

417 2432 531 2457 quoqne
551 2426 629 2448 recte
648 2423 723 2455 sapit
740 2424 774 2448 A.
794 2422 953 2448 Meinekius
973 2431 1081 2455 negans
1102 2421 1148 2447 ille
1169 2421 1298 2454 omnibus
1317 2422 1360 2448 his
1385 2422 1467 2455 nugis
1487 2421 1638 2456 quidquam
1664 2422 1792 2449 effectum
1813 2431 1884 2449 esse.
1923 2423 1993 2450 Nam
2012 2424 2055 2450 vir
2073 2432 2153 2458 egre-

415 2460 480 2495 gins
499 2459 516 2486 l.
538 2459 556 2485 l.
578 2467 605 2494 p.
618 2458 673 2487 270
692 2459 837 2493 praefatus
856 2458 911 2484 hoc
931 2458 1072 2484 distichon
1092 2458 1260 2491 aenigmatis
1278 2459 1367 2483 instar
1386 2466 1447 2483 csse
1467 2458 1587 2483 necdum
1608 2459 1678 2483 bene
1699 2459 1782 2483 soluti
1801 2460 1841 2484 ita
1859 2461 1952 2492 pergit
1969 2461 2153 2485 verbotenus:

417 2506 482 2530 ,non
502 2497 587 2523 solvit
606 2500 684 2523 certe
703 2505 797 2530 neque
817 2495 964 2529 Bentlejus
984 2504 1097 2522 sensum
1117 2504 1179 2521 esse
1199 2495 1340 2522 affirmans
1361 2504 1426 2530 ,non
1446 2494 1565 2529 amplius
1584 2495 1740 2522 victitat-em
1760 2496 1820 2522 ovis
1840 2494 2008 2530 alcyonum‘,
2033 2505 2087 2524 nec
2106 2497 2154 2531 qui

416 2541 505 2567 nuper
525 2529 635 2560 ἄπλους
653 2533 833 2559 scribendum
854 2533 965 2558 censuit
990 2533 1033 2557 vir
1059 2532 1160 2557 doctus
1186 2533 1213 2557 in
1232 2532 1358 2557 Miitzelli
1377 2533 1477 2558 Annal.
1505 2540 1596 2557 rerum
1616 2532 1705 2557 schol·
1727 2532 1799 2558 186⁰
1818 2542 1844 2565 p.
1866 2532 1928 2566 3⁴8,
1953 2542 2006 2559 nec
2032 2534 2153 2568 denique

416 2570 608 2596 Schneider-us
627 2569 727 2595 Philol.
751 2569 828 2595 Gott.
849 2569 889 2594 1v
904 2577 931 2602 p.
956 2568 1009 2594 5⁶7
1027 2564 1166 2600 θαλάμας
1185 2568 1219 2594 de
1238 2569 1295 2594 ima
1314 2568 1415 2594 conchi
1435 2572 1513 2602 parte
1533 2568 1702 2601 intelligens.
1723 2569 1785 2602 quis
1804 2569 1877 2595 enim
1896 2577 2018 2603 unquam
2038 2570 2154 2603 audivit,

416 2606 461 2632 vel
480 2606 618 2633 mutilum
639 2605 789 2639 alcyonum
811 2606 871 2631 ovis
890 2605 1020 2631 victitare
1040 2605 1085 2630 vel
1105 2604 1239 2637 alcyones
1260 2605 1287 2629 in
1312 2605 1418 2630 nautilo
1445 2613 1498 2630 ova
1517 2605 1636 2638 parere?
1660 2605 1688 2630 in
1705 2605 1796 2638 -hujus
1821 2602 1946 2640 ἀπορίας
1964 2602 2043 2631 λάου
2068 2607 2153 2632 cardo

416 2644 456 2668 rei
475 2641 615 2669 vertitur!

2409 2787 2429 2827 ''⁴²'‘
2420 2747 2432 2758 υ,
2430 2698 2433 2702 Α

2432 2726 2449 2830 {timu-sm.
2446 2649 2448 2651 ,
2440 2619 2447 2627 ,»
