2305 2781
1939 52 1960 89 7

222 165 340 207 adtulit
371 165 472 199 etiam
494 163 692 198 Plutarchus
714 163 766 196 De
790 162 982 197 Cohibenda
1004 162 1058 195 Ira
1082 172 1108 196 c.
1131 162 1154 195 5
1184 161 1256 195 sine
1286 160 1420 194 nomine
1445 159 1652 193 Callimachi.
1698 159 1738 192 V.
1761 159 1793 192 5.
1832 155 1962 202 ἐβόησα

222 201 298 244 libri
319 220 443 253 omnes,
466 209 500 242 h.
523 220 550 243 e.
573 209 655 252 PaL,
678 207 792 251 Paris„
815 207 1011 241 Plutarchus
1033 208 1128 249 isque
1150 217 1217 240 11011
1240 206 1346 240 80111111
1369 205 1403 238 111
1425 204 1621 239 Callimachi
1644 214 1753 247 versu,
1776 203 1837 238 sed
1860 203 1960 238 etiam

222 256 295 301 ipse
316 258 453 300 propter
475 254 559 289 haec
581 254 656 299 ipsa
678 253 780 288 verba
804 251 865 286 οὐκ
886 250 1016 297 ἐβόησα
1039 252 1102 286 1100
1126 251 1290 285 distichon
1313 250 1429 285 attulit.
1487 249 1554 284 Sed
1577 249 1750 293 Bentlejus
1772 248 1962 283 Plutarchei

222 301 288 335 loci
309 301 445 344 ignarus
468 299 551 333 haec
574 300 621 333 ita
644 299 804 343 corrupit:
839 296 950 331 ἐλθών
974 296 1006 330 δ’
1035 296 1095 330 οὐκ
1118 295 1245 340 ἐνόησα
1267 296 1320 334 τίς
1342 296 1365 339 ἢ
1388 296 1492 336 τίνος,
1520 295 1586 329 ἀλλ’
1613 295 1756 338 ἐφίλησα
1777 295 1782 339 Ι
1801 293 1866 338 τὴν
1891 294 1961 328 δει-

223 344 289 389 ρήν
312 366 368 385 -,
395 345 559 379 sententia
581 355 641 389 per
664 354 737 378 sese
760 344 873 386 utique
895 342 1041 377 ferenda.
1087 342 1173 376 Hinc
1195 342 1289 376 multi
1301 341 1454 385 Bentlejo
1477 341 1577 375 nimis
1597 339 1727 375 addicti
1751 340 1960 384 conjecturas

202 391 304 425 'istas
338 391 386 424 ita
413 393 624 434 receperunt,
658 393 694 423 ut
727 393 837 423 tamen
868 392 1003 422 auctore
1025 388 1183 421 Piersono
1218 388 1253 420 in
1276 387 1425 421 Verisim.
1457 398 1490 431 p.
1517 386 1561 421 86
1593 397 1655 431 pro
1690 384 1818 428 ἐνόησα
1853 386 1961 420 ionice

226 434 350 480 ἐκόησα
374 435 563 480 801111010111,
587 435 663 470 (1100
674 434 867 470 Piersonum
889 433 1008 480 ipsum,
1031 433 1244 478 Brunckium,
1257 431 1487 467 Blomfieldum
1510 435 1611 477 atque
1634 431 1734 466 etiam
1757 431 1960 467 Meinekium

223 494 259 527 p.
285 482 360 526 1043,
390 482 446 525 qui
469 486 578 516 tamen
601 485 719 526 postea
741 492 774 525 p.
798 482 866 514 310
888 484 1020 514 servata
1049 480 1154 513 altera
1175 479 1320 522 Bentleji
1350 479 1542 522 conjectura
1568 478 1632 522 τὴν
1656 477 1774 522 δειρήν
1802 478 1960 513 librorum

224 528 419 573 scripturam
442 526 570 572 ἐβόησα
594 527 743 561 revocari
761 526 871 570 jussit,
903 536 988 569 quae
1019 525 1090 559 sine
1113 536 1232 570 magno
1256 524 1440 558 sententiae
1463 523 1660 558 detrimento
1684 524 1773 558 coire
1797 534 1878 558 sane
1901 535 1960 569 po-

222 577 339 608 terant.
389 573 476 606 Illud
498 583 576 606 vero
600 583 642 606 ne
664 583 725 616 per
747 582 784 606 se
807 571 939 614 quidem
962 571 1033 605 fieri
1056 571 1172 614 potuit,
1203 574 1239 604 ut
1263 568 1485 604 Callimachus
1515 571 1564 604 sic
1606 571 1804 614 loqueretur,
1847 580 1959 613 quem-

221 618 399 654 admodum
423 617 606 661 Jacobsius,
631 618 668 652 V.
692 617 735 661 S„
759 616 878 651 edidit:
914 614 1026 650 ἐλθών
1049 614 1080 649 (Υ
1109 614 1169 649 οὐκ
1193 613 1317 659 ἐκόησα
1341 615 1391 653 τίς
1419 614 1442 658 ἢ
1465 614 1569 655 τίνος,
1603 614 1669 649 ἀλλ’
1703 614 1845 659 ἐφίλησα
1867 615 1873 660 Ι
1892 613 1960 659 τήν

223 663 336 707 φλιήν.
385 664 488 696 Ι1111110
511 663 654 706 Bentleji
679 662 889 705 conjecturae
922 666 979 694 aut
1013 662 1131 694 ambae
1166 665 1242 694 sunt
1275 661 1476 704 probandae,
1511 665 1569 693 aut
1603 672 1646 694 110
1679 665 1762 694 utra.
1809 661 1958 703 Utraque

224 712 335 743 autem
359 712 447 742 certo
461 706 671 759 explodenda
694 711 753 752 est,
777 707 806 740 si
829 706 961 750 quidem
974 706 1105 740 codices
1129 706 1223 740 salva
1245 706 1409 739 sententia
1432 710 1465 739 et
1488 704 1629 750 ἐβόησια
1655 710 1688 739 01
1710 705 1870 751 deinceps
1891 704 1956 749 τήν

224 753 327 798 φλιήν
350 754 477 787 restitui
496 753 624 796 Jubent.
672 752 790 795 ‚Quum
813 753 987 795 venissem,
1011 752 1126 795 inquit,
1150 762 1216 785 non
1240 752 1386 786 clamans
1410 752 1620 795 interrogavi,
1645 752 1718 794 quis
1741 756 1799 785 aut
1823 762 1888 795 quo
1899 762 1958 797 pa-

222 804 316 833 rente
339 802 437 832 natus
460 809 559 841 esses,
584 797 643 832 sed
667 798 766 832 limen
789 801 966 842 postesque
997 797 1143 831 saviatus
1166 797 1258 830 sum‘.
1306 796 1380 831 Non
1404 807 1488 841 opus
1511 800 1562 831 est
1572 808 1604 830 v.
1624 796 1753 840 ἐρ’όησα
1777 797 1822 832 ad
1845 796 1956 831 flebile

222 854 354 878 carmen
378 843 510 886 referre,
534 843 581 876 uti
604 843 800 876 Plutarchus
822 843 962 876 fortasse
984 842 1097 885 voluit,
1122 842 1177 883 qui
1200 842 1242 875 de
1265 842 1327 875 hoc
1352 842 1545 875 Callimachi
1569 842 1606 875 l.:
1630 843 1666 874 αἱ
1689 842 1841 884 ἐρωτικαὶ
1864 841 1956 885 πρά-

225 891 299 930 ξεις,
326 888 440 932 inquit,
466 886 541 922 οἷον
572 886 785 932 ἐπικωμάσαι
815 887 870 921 καὶ
903 884 983 932 ᾆσαι
1006 907 1061 921 —.
1111 886 1182 921 Etsi
1210 886 1331 922 Fronto
1363 887 1397 921 in
1420 886 1552 922 Erotico
1583 899 1616 932 p.
1640 888 1707 922 258
1737 887 1803 931 (ed.
1827 887 1954 932 Naber)

221 946 326 981 prope
359 932 648 978 conjunxit:'15²o⁷,'⁷
676 946 728 972 τις
751 931 937 972 ἀκόλαστος
967 938 999 967 01
1027 931 1069 967 τὰ
1101 937 1168 966 τῶν
1200 931 1353 977 ἐρώντων
1387 932 1538 977 ᾄσματα.
1599 933 1696 967 Adde
1724 933 1813 977 quod
1841 946 1957 977 napa-

221 980 434 1023 κλαυσίθυρα
458 990 559 1024 saepe
573 980 784 1016 clamantium
796 983 890 1014 erant
912 990 978 1013 non
999 979 1185 1013 canentium
1208 983 1244 1012 ut
1254 979 1442 1013 Plautinum
1465 979 1499 1013 in
1513 979 1644 1013 Curcul.
1657 979 1682 1023 Ι,
1695 980 1726 1023 2,
1739 981 1784 1014 60
1795 981 1842 1023 (v.
1858 980 1954 1021 148):

223 1026 373 1070 ,Pessuli,
397 1025 479 1059 heus
502 1025 627 1070 pessuli
650 1026 720 1058 -κ
767 1025 834 1059 Sed
857 1024 901 1058 ad
925 1024 1163 1058 Callimachum
1194 1024 1278 1058 110110
1312 1024 1562 1069 intelligendum
1585 1024 1666 1059 satis
1690 1029 1741 1058 est
1764 1035 1833 1060 rem
1856 1026 1956 1059 istam

222 1082 289 1106 non
311 1076 420 1105 actam
445 1081 517 1105 esse
531 1071 737 1105 clamoribus.
783 1070 867 1104 Ibid.
891 1070 1031 1114 ἐφίλησα
1043 1071 1114 1104 Pal.
1138 1080 1212 1103 cum
1223 1070 1399 1104 Plutarcho
1423 1074 1520 1104 recte.
1567 1069 1713 1113 ἐφύλαξα
1736 1071 1841 1105 Paris.
1866 1071 1955 1105 solus

185 1148 190 1153 .
221 1117 373 1161 pessime.
421 1116 461 1148 V.
486 1118 516 1149 6.
551 1115 617 1157 τῆν
640 1117 753 1158 φιλίην
776 1116 954 1159 Parisinus,
986 1116 1042 1158 qui
1064 1116 1207 1148 Palatini
1237 1116 1428 1148 lectionem:
1469 1114 1536 1157 τήν
1566 1114 1670 1158 ϊαρήν
1701 1116 1778 1160 (810)
1809 1115 1957 1160 graviter

220 1164 307 1196 nunc
331 1161 460 1195 refutat.
507 1161 677 1195 Parisinus
701 1161 787 1194 enim
811 1161 943 1215 egregie
967 1161 1119 1194 convenit
1143 1170 1217 1194 cum
1240 1152 1426 1204 Plutarcho,
1455 1160 1512 1194 ubi
1536 1160 1636 1205 vulgo
1660 1158 1723 1204 την
1747 1161 1861 1205 φίλην,
1896 1160 1956 1195 sed

221 1218 304 1239 unus
327 1207 496 1238 Plutarchi
521 1206 643 1238 codex:
678 1205 743 1247 τὴν
766 1207 865 1247 φλιην
889 1207 998 1248 habet,
1029 1207 1076 1237 uti
1099 1206 1280 1239 Salmasius
1303 1207 1388 1237 ultro
1412 1206 1609 1248 conjecerat.
1657 1206 1700 1238 Et
1723 1207 1812 1238 idem
1835 1207 1956 1239 Jacob-

221 1252 300 1295 sius,
325 1249 381 1294 qui
404 1250 501 1286 modo
526 1248 654 1294 ἕβόησα
678 1261 744 1286 11011
767 1250 851 1286 110110
873 1251 1021 1294 mutavit,
1045 1250 1108 1285 hoc
1129 1248 1195 1294 τήν
1217 1248 1317 1294 φλιήν
1342 1250 1466 1295 optime
1496 1249 1598 1286 tuitus
1621 1254 1671 1286 est
1693 1254 1729 1285 ut
1745 1254 1867 1296 poetae
1879 1262 1956 1287 0011-

221 1297 294 1330 81110
317 1296 533 1340 aptissimum.
568 1295 646 1328 Fuit
667 1299 798 1340 tamen,·
811 1296 867 1339 (1111
890 1296 1017 1328 Reiskii
1039 1296 1277 1339 conjecturam:
1308 1294 1371 1337 τὴν
1395 1294 1523 1338 φιαρήν
1545 1295 1710 1339 probaret.
1756 1297 1801 1329 At
1823 1306 1891 1329 non
1913 1296 1957 1330 de

219 1343 332 1385 puella
356 1342 385 1375 h.
399 1342 420 1374 l.
444 1352 549 1375 sermo
574 1345 633 1384 est,
657 1340 716 1375 sed
739 1341 781 1375 (10
792 1352 894 1385 puero
918 1341 1093 1380 meritorio,
1106 1341 1261 1375 Archino.
1296 1340 1419 1381 Quaeri
1438 1341 1501 1375 hoc
1523 1352 1624 1374 unum
1647 1345 1767 1385 potest,
1791 1341 1956 1385 quomodo

219 1386 365 1420 Palatini
388 1385 504 1419 vitium
529 1384 629 1429 ϊαρήν
652 1389 764 1419 natum
787 1386 839 1430 sit,
869 1385 903 1419 in
933 1395 996 1430 quo
1022 1386 1184 1429 (similiter
1212 1395 1253 1419 ac
1276 1395 1307 1418 v,
1332 1386 1352 1418 2
1375 1386 1410 1419 in
1434 1385 1513 1430 ὅρα)
1543 1386 1710 1430 glossema
1740 1386 1822 1421 latet
1852 1387 1955 1421 veluti

222 1434 350 1474 θύραν.
401 1432 556 1463 Jacobsio
581 1432 667 1462 enim
691 1432 837 1463 censenti
859 1442 926 1463 non
949 1432 1086 1463 multum
1108 1432 1266 1463 interesse
1289 1432 1375 1462 inter
1397 1431 1545 1473 syllabas
1576 1431 1676 1473 φλιήν
1706 1436 1740 1464 01
1763 1431 1866 1475 ϊαρὴν
1889 1443 1955 1464 11011

221 1476 398 1511 adsentior.
436 1475 655 1515 Quamobrem
673 1476 818 1518 Bentleji
840 1476 1030 1519 conjectura
1051 1474 1116 1518 την
1140 1473 1254 1518 δειρήν
1277 1476 1347 1511 8010
1370 1476 1433 1510 1810
1445 1476 1589 1511 Palatini
1612 1476 1693 1511 vitio
1717 1475 1817 1520 ϊαρῆν
1841 1477 1956 1512 innixa

222 1521 374 1558 omnibus
397 1520 504 1556 modis
527 1520 655 1556 laborat
683 1523 716 1556 et
740 1520 896 1557 oblivioni
919 1520 1080 1556 tradenda
1103 1523 1162 1556 est.
1208 1520 1304 1556 Hanc
1327 1524 1437 1556 tamen
1460 1520 1566 1558 facete
1589 1520 1637 1556 ita
1660 1525 1769 1557 tuetur
1790 1521 1956 1558 Blomfiel-

220 1568 300 1601 dus:
336 1567 489 1611 ‚Bentleji
512 1567 685 1600 lectionem
710 1568 788 1605 (810)
812 1568 907 1600 1111100
925 1578 1038 1600 veram
1060 1572 1150 1611 puto.
1195 1567 1317 1600 Limini
1341 1568 1428 1599 enim
1452 1568 1599 1601 osculum
1622 1567 1755 1601 dedisse
1778 1578 1843 1602 non
1868 1574 1956 1602 esset

218 1613 340 1647 idonea
365 1612 556 1647 offensionis
580 1612 699 1646 causa.‘
746 1612 796 1647 En
826 1613 878 1646 cui
907 1616 942 1646 tu
973 1613 1212 1657 epigrammata
1242 1611 1378 1646 mirifice
1408 1611 1605 1647 illustranda
1636 1613 1830 1648 committas.
1878 1614 1954 1648 Non

220 1658 304 1693 vidit
320 1659 417 1692 homo
435 1658 578 1702 optimus
599 1658 634 1692 in
658 1668 698 1692 ea
721 1658 794 1702 ipsa
817 1669 853 1692 re
875 1668 974 1701 quam
991 1659 1102 1702 culpat
1117 1658 1216 1701 hujus
1239 1658 1487 1702 epigrammatis
1510 1659 1619 1692 inesse
1641 1669 1792 1693 acumen.
1833 1660 1955 1695 Jocose

222 1705 309 1738 enim
329 1703 531 1738 demonstrat
546 1707 673 1737 amator
688 1704 799 1738 nescio
816 1704 899 1747 quis,
914 1715 949 1738 se
963 1704 1005 1738 ab
1017 1703 1162 1738 Archino
1174 1714 1301 1738 summa
1312 1703 1434 1747 injuria
1446 1704 1680 1748 reprehensum
1692 1716 1775 1740 esse.
1801 1704 1955 1740 Ceterum

225 1760 290 1784 vox
313 1748 335 1793 ἦ
362 1747 439 1793 ‹pinj-
465 1749 508 1783 ab
531 1749 674 1783 Homero
708 1748 783 1793 (od.
807 1749 846 1793 ρ’,
869 1750 950 1790 221)
980 1752 1120 1794 accepta
1149 1749 1183 1783 in
1211 1749 1431 1794 Anthologiae
1460 1750 1568 1794 poetis
1591 1750 1725 1795 saepius
1754 1751 1877 1795 legitur
1907 1751 1955 1785 uti

221 1796 256 1829 in
279 1795 377 1829 Anth.
403 1795 474 1828 Pal.
498 1795 573 1838 XII,
601 1796 664 1827 124
686 1806 717 1828 v.
745 1797 771 1828 1.
816 1795 915 1839 Apud
939 1794 1177 1828 Callimachum
1206 1806 1284 1828 vero
1319 1795 1410 1828 hisce
1445 1795 1555 1828 verbis
1586 1795 1728 1839 ἐφίλησα
1755 1795 1822 1840 την
1849 1795 1953 1840 φλιὴν

219 1841 303 1874 1111111
327 1840 439 1885 aptius
463 1850 505 1873 ne
529 1840 666 1884 cogitari
690 1840 821 1883 quidem
844 1843 962 1884 potest.
1008 1840 1095 1874 Nam
1123 1840 1186 1874 hoc
1217 1840 1324 1884 ipsum
1354 1844 1519 1875 amatores
1542 1840 1653 1875 flebile
1676 1852 1809 1876 carmen
1833 1841 1954 1876 decan-

218 1890 326 1920 tantes
369 1885 520 1919 solebant
554 1886 664 1919 facere
698 1890 781 1919 teste
815 1887 870 1920 vel
900 1886 1052 1920 Lucretio
1083 1886 1135 1919 De
1158 1887 1196 1919 R.
1220 1886 1262 1919 N.
1286 1886 1342 1928 lv,
1369 1887 1472 1920 1179:
1508 1890 1553 1929 ,at
1586 1886 1764 1921 lacrimans
1799 1888 1954 1922 exclusus

217 1934 345 1966 amator
367 1930 483 1965 limina
506 1940 606 1976 saepe
633 1930 637 1975 Ι
665 1929 800 1965 floribus
830 1934 863 1966 et
893 1930 988 1966 sertis
1018 1941 1038 1965 o
1064 1931 1125 1965 erit
1155 1931 1325 1976 postisque
1349 1930 1509 1976 superbos
1535 1931 1540 1976 Ι
1565 1931 1683 1977 unguit
1705 1932 1896 1968 amaracino
1921 1937 1953 1968 01

216 1978 378 2011 foribus
402 1977 531 2009 miser
555 1977 706 2009 oscula
728 1977 861 2020 figit‘,
893 1977 949 2009 ubi
971 1942 1198 2010 WaEefieldus
1222 1978 1346 2010 similes
1369 1978 1508 2010 aliorum
1531 1982 1704 2021 poetarum
1727 1989 1842 2012 versus
1867 1990 1953 2013 com-

216 2022 357 2067 paravit.
403 2021 530 2055 Ibidem
554 2020 617 2054 ἕστ’
644 2021 713 2056 Pal.
740 2032 813 2055 cum
835 2021 1010 2055 Plutarcho
1033 2025 1133 2065 recte,
1162 2021 1254 2055 ἐστὶν
1276 2021 1381 2056 Paris.
1406 2022 1504 2056 solus.
1550 2021 1627 2056 Mox
1650 2022 1726 2057 libri
1749 2021 1866 2062 ἀδικῶ,
1891 2035 1953 2068 pro

218 2077 282 2112 quo
306 2066 491 2102 Meinekius
514 2066 607 2101 malit
631 2065 761 2107 ἀδικὲω,
788 2077 849 2112 ego
873 2070 982 2101 autem
1005 2067 1116 2102 nolim.
1151 2066 1244 2108 Quae
1257 2077 1356 2111 quum
1368 2067 1416 2102 ita
1438 2067 1512 2113 81111,
1537 2067 1733 2103 Callimachi
1746 2069 1953 2115 epigramma

217 2118 321 2147 totum
344 2114 392 2146 ita
415 2113 554 2146 arbitror
577 2112 784 2146 scribendum
808 2124 909 2146 esset·

541 2157 590 2192 Εἰ
610 2153 677 2202 μὲν
701 2156 781 2192 ἑκών
802 2156 921 2204 Ἀρχῖν’
949 2155 1166 2202 ἑπεκώμασα,
1191 2156 1298 2203 μυρία
1321 2158 1476 2203 μέμφου·

652 2205 684 2236 εἰ
706 2203 737 2236 δ”
765 2203 872 2236 ἀέκων
894 2204 976 2246 ἥκω,
1003 2202 1068 2246 τὴν
1091 2205 1297 2251 πρρπέῖειαν
1322 2206 1370 2236 ἔα.

542 2248 687 2293 ἄκρητος
710 2249 764 2283 καὶ
789 2252 869 2293 ἔρως
891 2247 925 2292 μ’
953 2247 1165 2294 ἠνάγκασαν,
1192 2252 1238 2284 ὠν
1263 2248 1280 2283 ὁ
1305 2252 1372 2293 μὲν
1396 2248 1509 2284 αὐτῶν

651 2293 765 2335 εἷλκεν,
792 2294 810 2328 ὁ
836 2293 868 2327 δ’
895 2293 956 2327 οὐκ
972 2296 1032 2327 ἐἴα
1058 2291 1216 2339 σώφρονα
1240 2293 1361 2339 θυμὸν
1386 2296 1481 2341 ἔχειν.

542 2339 650 2373 ἐλθὼν
675 2339 706 2372 δ”
734 2340 794 2373 οὐκ
817 2338 945 2383 ἐβόησα
969 2340 1018 2377 τίς
1041 2339 1063 2382 ἢ
1087 2340 1190 2379 τίνος,
1218 2340 1282 2372 ἀλλ’
1310 2340 1451 2382 ἐφίλησα
1930 2344 1952 2375 5

648 2383 713 2429 την
736 2383 848 2430 φλιήν·
875 2386 906 2419 εἰ
925 2384 1013 2419 ’τοῦτ’
1040 2383 1106 2419 ἔστ’
1132 2383 1280 2430 ἀδίκημ’,
1308 2383 1421 2420 ἀδικῶ.

325 2431 488 2474 Sequitur,
511 2435 547 2464 ut
570 2442 610 2465 ea
633 2442 763 2475 quoque
787 2431 980 2464 Callimachi
1004 2432 1252 2476 epigrammata,
1277 2442 1362 2474 quae
1385 2442 1453 2464 non
1474 2432 1612 2465 multum
1636 2433 1750 2476 negoti
1773 2432 1952 2477 facessunt,

216 2475 271 2508 hic
304 2476 421 2519 paucis
455 2476 625 2520 attingam.
671 2476 833 2510 Exordiar
867 2479 976 2509 autem
1011 2476 1054 2510 ab
1085 2487 1124 2509 eo
1153 2476 1237 2519 loco,
1267 2477 1324 2518 qui
1353 2476 1389 2510 in
1410 2477 1510 2510 Anth.
1533 2477 1605 2510 Pal.
1629 2477 1702 2520 VII,
1725 2478 1792 2510 458
1821 2477 1894 2511 sive
1916 2478 1951 2513 in

216 2520 362 2555 Meineki
385 2521 529 2555 editione
551 2531 584 2567 p.
601 2522 664 2555 107
689 2531 738 2565 sq.
764 2520 830 2566 (L.)
853 2521 973 2566 legitur
989 2524 1029 2555 'et
1051 2521 1094 2555 ab
1117 2521 1169 2556 his
1192 2521 1303 2556 verbis
1325 2521 1459 2567 incipit:
1501 2519 1576 2565 Τὴν
1605 2520 1755 2568 Φρυγίην
1779 2523 1948 2569 Αἴσχρην,

217 2564 352 2610 ἀγαθὸν
376 2566 461 2611 γάλα
486 2587 541 2599 -.
591 2568 753 2601 Dictionis
775 2566 861 2612 γάλα
885 2567 927 2600 (10
949 2568 1023 2610 ipsa
1045 2568 1173 2601 nutrice
1196 2568 1324 2611 positae
1348 2568 1501 2611 exempla
1524 2568 1700 2601 Jacobsius
1729 2568 1845 2602 deside
