2449 2830
403 138 424 174 6

400 246 548 276 nostrum
571 246 631 285 est,
655 242 737 275 nihil
760 246 883 276 temere
907 243 1075 286 negligere
1100 244 1183 276 et-si
1207 243 1286 285 quid
1309 243 1412 276 auxili
1435 243 1540 277 critici
1570 253 1708 285 usquam
1739 243 1938 287 ostendatur,
1970 242 2005 276 id
2036 244 2136 278 etiam

399 291 500 331 atque
530 287 631 321 etiam
663 287 872 322 considerare
902 298 963 321 nec
994 287 1159 322 dimittere
1189 288 1349 322 oblatum:
1385 287 1570 331 cujusmodi
1599 287 1720 321 donum
1751 288 1828 321 alba
1857 289 1913 321 avi
1942 289 1992 321 est
2020 288 2135 322 rarius.

399 333 565 376 Attamen,
587 337 624 366 ut
647 333 754 377 primo
778 343 908 376 quoque
930 333 1136 377 potissimum
1160 337 1298 377 utamur,
1322 334 1356 366 in
1379 333 1451 367 eod.
1475 333 1580 366 Paris.
1592 333 1817 377 Supplement.
1841 334 1907 367 352
1939 335 2003 377 (est
2025 337 2135 368 autem

399 378 619 423 bombycinus
643 389 731 412 saec.
755 379 850 422 XIII)
875 379 986 412 insunt
1010 379 1109 412 etiam
1140 379 1286 412 carmina
1309 379 1487 413 christiana
1510 378 1595 412 bene
1618 378 1730 421 multa,
1762 378 1881 421 quibus
1904 379 1938 412 in
1961 378 2026 413 fine
2056 390 2134 413 non-

398 424 491 457 nulla
513 423 680 457 adduntur
702 435 894 467 graecorum
918 427 1089 467 poetarum
1113 425 1351 467 epigrammata
1363 425 1394 466 ²⁸)
1419 424 1549 467 generis
1572 424 1763 467 plerumque
1787 424 1910 467 erotici,
1933 424 2054 468 partim
2076 425 2135 458 illa

399 469 500 504 etiam
523 468 659 514 inedita,
684 480 769 513 quae
793 469 932 503 caeteris
956 469 1104 503 immixta
1128 473 1219 514 sunt3
1244 468 1303 503 sed
1327 469 1433 513 major
1456 479 1567 503 eorum
1592 479 1669 513 pars
1692 468 1726 502 in
1750 468 1839 503 edita
1856 469 2056 513 Anthologia
2080 479 2134 503 ex-

399 519 475 550 stat.
521 516 698 549 Poetarum
733 516 867 549 nomina
901 516 1022 558 ubique
1058 516 1184 550 desunt.
1250 516 1341 556 Quae
1377 515 1486 549 omnia
1521 527 1542 549 a
1577 515 1731 548 Cramero
1766 515 1800 548 in
1834 514 1994 549 Anecdot.
2028 515 2133 549 Paris.
2186 541 2189 544 -

399 562 471 596 Vol.
489 561 535 594 IV
555 572 588 605 p.
609 561 676 594 265
694 571 766 604 sqq.
790 562 824 594 in
848 561 899 594 his
924 561 1022 594 etiam
1046 561 1294 605 epigrammata,
1325 572 1409 604 quae
1433 561 1512 604 dixi,
1541 560 1663 593 ibidem
1687 572 1718 604 p.
1739 561 1918 594 366—388
1942 560 2031 594 edita
2059 564 2134 595 sunt

399 611 498 649 atque
530 607 578 639 sic
609 606 709 649 edita,
741 610 776 639 ut
806 607 862 640 ille
893 607 1017 640 codicis
1047 607 1097 640 sui
1127 607 1301 641 lectionem
1332 618 1498 650 nunquam
1529 605 1628 641 tacito
1660 606 1855 641 immutaret.
1912 605 2004 641 Haec
2034 605 2135 652 igitur

400 652 548 686 carmina
572 662 613 685 ex
625 652 826 696 Anthologia
849 663 915 686 non
938 652 1082 696 vulgata,
1108 651 1167 686 sed
1190 663 1208 686 e
1231 652 1379 696 pleniore
1389 652 1608 696 Anthologiae
1632 652 1746 685 codice
1769 656 1877 685 sumta
1900 662 1972 686 esse
1994 652 2135 696 adparet

398 708 506 740 neque
529 697 564 729 id
589 697 781 729 Cramerum
804 698 826 729 1.
851 698 869 730 l.
893 709 924 741 p.
949 699 1015 730 388
1046 698 1150 730 latuit.
1206 698 1356 731 Ceterum
1387 698 1486 731 etiam
1517 697 1688 731 Planuden
1716 698 1891 740 integriore
1914 697 2134 741 Anthologiae

399 742 523 785 codice,
548 752 648 785 quam
671 746 782 776 noster
805 752 891 775 nunc
916 746 966 775 est
977 742 1157 785 Palatinus,
1182 742 1373 776 instructum
1396 742 1497 775 fuisse
1510 742 1684 776 Jacobsius
1708 742 1741 775 in
1764 743 1893 786 Proleg.
1917 753 1950 787 p.
1974 743 2133 776 LXXXV

398 788 532 832 egregie
556 787 710 821 ostendit.
757 788 885 821 Tamen
909 789 956 821 sic
981 798 1110 830 quoque
1135 793 1166 821 ct
1189 788 1320 831 ignotus
1343 788 1426 822 liber
1450 787 1607 822 Planudis
1639 792 1670 821 et
1693 788 1863 822 Palatinus
1886 799 1960 821 cum
1982 787 2132 821 Parisino

399 844 417 867 e
448 833 614 867 communi
646 844 759 867 omnes
788 834 877 867 fonte
908 833 1071 866 fluxerunt
1102 833 1189 866 illius
1212 834 1441 877 Anthologiae,
1473 844 1571 876 quam
1603 833 1837 867 Constantinus
1861 833 2025 877 Cephalas
2054 833 2133 867 olim

398 882 637 922 composuerat.
684 878 870 911 Parisinum
894 879 1021 920 librum,
1046 878 1101 911 ubi
1113 879 1283 912 Palatinus
1295 878 1414 921 deficit,
1438 879 1625 912 necessario
1649 889 1836 921 sequemur3
1863 879 2001 912 caeteris
2024 882 2133 911 autem

397 925 480 958 locis
490 923 634 958 Parisini
657 923 841 968 scripturae
864 934 950 957 nunc
974 923 1126 957 meliores
1149 923 1300 958 Palatino
1324 934 1410 958 nunc
1435 924 1533 958 etiam
1557 923 1735 958 deteriores
1759 928 1843 968 sunt,
1867 927 1903 958 ut
1926 924 2057 958 criticos
2082 924 2133 958 sui

397 980 561 1014 quemque
584 970 731 1014 mancipi
755 979 827 1003 esse
851 973 1010 1014 oporteat.
1047 969 1145 1003 Haud
1167 980 1275 1014 pauca
1286 970 1423 1003 Luciani
1447 970 1651 1013 aliorumque
1675 970 1870 1014 scriptorum
1882 971 2131 1015 epigrammata,

397 1016 439 1050 de
463 1016 582 1058 quibus
606 1019 724 1059 postea
747 1015 904 1058 dicemus,
927 1015 1010 1049 libro
1035 1016 1241 1049 continentur
1264 1016 1424 1059 Parisino,
1456 1015 1515 1050 sed
1550 1027 1568 1049 e
1593 1015 1834 1060 Callimacheis,
1865 1016 1899 1049 id
1924 1015 2012 1059 quod
2033 1016 2131 1050 vehe-

397 1065 524 1095 menter
547 1060 672 1105 doleas,
703 1061 836 1094 unicum
860 1061 1063 1105 epigramma
1093 1061 1243 1094 Parisino
1275 1061 1379 1095 codici
1411 1062 1496 1095 inest
1518 1062 1537 1095 l.
1562 1062 1583 1095 1.
1607 1073 1639 1105 p.
1664 1063 1740 1105 384,
1773 1061 1861 1105 quod
1892 1072 1958 1094 non
1989 1061 2084 1094 abest
2112 1072 2133 1095 a

398 1107 471 1142 cod.
494 1108 566 1141 Pal.
611 1107 729 1141 Exstat
763 1107 850 1140 enim
885 1106 972 1139 idem
1007 1107 1041 1139 in
1071 1107 1203 1139 Anthol.
1235 1107 1305 1139 Pal.
1336 1107 1410 1149 XII,
1439 1107 1501 1139 118
1533 1107 1621 1140 unde
1651 1107 1686 1139 in
1719 1106 1770 1139 ed.
1805 1106 1998 1140 Callimachi
2022 1107 2133 1150 Epigr.

397 1153 493 1186 XLII
516 1164 547 1196 p.
576 1153 640 1185 104
670 1152 855 1184 Meinekius
889 1152 1024 1195 recepit.
1045 1173 1050 1178 -
1071 1152 1142 1184 Hoc
1177 1162 1308 1185 carmen
1343 1151 1427 1195 dico,
1463 1153 1557 1195 cujus
1593 1152 1721 1185 initium
1757 1156 1820 1186 est:
1868 1152 1917 1186 Εἰ
1948 1154 2016 1196 μὲν
2051 1150 2134 1186 ἑκών

393 1196 514 1243 Ἀρχῖν’
535 1195 741 1241 ἐπεκώμασα
755 1216 810 1229 -.
859 1196 910 1230 De
935 1207 998 1239 quo
1023 1197 1076 1229 hic
1099 1207 1264 1241 exponere
1288 1197 1406 1241 placet,
1432 1196 1553 1230 idcirco
1579 1197 1666 1240 quod
1690 1208 1732 1230 ne
1755 1197 1778 1229 ii
1803 1196 1945 1240 quidem,
1970 1197 2026 1239 qui
2049 1197 2133 1230 scire

397 1254 466 1276 rem
490 1247 653 1286 poterant,
678 1243 859 1283 Heckerus,
892 1243 1075 1274 Meinekius
1108 1243 1231 1283 aliique
1261 1243 1361 1275 ullam
1385 1243 1527 1276 Parisini
1551 1242 1675 1277 codicis
1698 1242 1752 1277 hic
1776 1242 1936 1276 rationem
1960 1242 2132 1277 duxerunt.

397 1288 447 1322 Ac
470 1287 780 1327 tamen-Meinekius
803 1287 874 1331 ipse
898 1286 960 1322 hac
973 1286 1119 1322 Crameri
1144 1286 1319 1322 collatione
1343 1286 1420 1322 olim
1443 1285 1487 1322 ad
1510 1287 1649 1323 aliorum
1672 1290 1844 1334 poetarum
1869 1287 2134 1322 emendationem

397 1332 521 1379 optime
544 1342 624 1365 usus
648 1335 718 1365 erat
740 1332 775 1364 in
799 1332 947 1364 Analect.
971 1333 1064 1364 Alex.
1088 1342 1120 1375 p.
1145 1333 1212 1364 394
1235 1342 1304 1374 sqq.
1350 1334 1426 1373 Sed,
1455 1335 1502 1366 uti
1526 1335 1663 1366 Plautus
1693 1335 1815 1366 alicubi
1838 1335 2018 1376 verissime,
2052 1334 2133 1375 ‚fieri

395 1380 480 1412 istuc
504 1379 602 1412 solet:
627 1377 716 1419 quod
739 1388 839 1411 manu
860 1382 974 1411 teneas
997 1382 1096 1420 atque
1121 1377 1224 1411 oculis
1247 1376 1372 1422 videas,
1396 1377 1430 1411 id
1453 1376 1640 1413 desideres‘.
1686 1376 1739 1411 Ad
1763 1377 2001 1413 Callimachum
2024 1387 2132 1412 rever-

396 1426 457 1458 tor.
504 1422 541 1458 V.
569 1423 596 1457 1.
632 1421 745 1468 ἀρχεῑν
777 1422 845 1466 (vel
877 1421 1011 1467 ἄρχειν)
1042 1423 1110 1455 Pal.
1135 1423 1344 1466 (Palatinus),
1374 1422 1479 1467 ἀρχὴν
1502 1425 1607 1456 Paris.
1638 1424 1846 1464 (Parisinus).
1890 1422 2008 1467 Ἀρχῖν’
2034 1423 2132 1455 Bent-

396 1469 482 1511 lejus
505 1469 656 1502 restituit.
703 1467 784 1499 ibid.
808 1467 1012 1509 ἑπεκώμασα
1036 1469 1106 1499 Pal.
1138 1466 1339 1509 ἑπεκόμωσα
1364 1469 1466 1501 Paris.
1514 1468 1553 1501 V.
1578 1470 1607 1502 2.
1643 1466 1734 1501 ἄκων
1764 1467 1848 1510 libri,
1881 1466 1989 1502 ἀέκων
2012 1466 2132 1502 Meine-

396 1514 483 1555 kius,
507 1517 597 1547 recte
620 1517 656 1546 ut
679 1512 817 1547 videtur.
852 1511 931 1547 ibid.
957 1512 1032 1555 ὅραι
1045 1513 1125 1555 Pa1.‚
1150 1512 1238 1555 quod
1262 1512 1411 1557 plerique
1435 1512 1576 1550 editores
1600 1516 1689 1550 recte
1712 1512 1919 1559 interpretati
1943 1513 2005 1558 ὅρα
2031 1513 2133 1558 scrip-

396 1561 519 1603 serunt,
551 1556 611 1593 sed
634 1557 804 1593 verissime
827 1557 931 1593 Paris.
956 1559 1012 1599 ἔα,
1045 1557 1133 1602 quod
1165 1568 1226 1603 ego
1258 1558 1391 1592 tandem
1421 1559 1556 1592 restitui.
1602 1559 1694 1592 Idem
1718 1561 1887 1592 Parisinus
1910 1561 1945 1591 in
1968 1561 2033 1592 fine
2056 1570 2087 1591 v.
2111 1561 2133 1590 4

395 1607 456 1650 pro‘
481 1605 592 1638 verbis
616 1604 776 1647 σώφρονα
800 1603 922 1646 θυμὸν
946 1606 1027 1648 ἔχειν
1052 1605 1201 1636 exhibet:
1233 1604 1295 1646 τῆν
1319 1605 1398 1647 βίαν
1424 1606 1530 1647 ὄσσην
1557 1607 1630 1649 (pro
1656 1606 1762 1646 ὄσσην
1787 1605 1891 1638 voluit
1914 1605 2030 1648 opinor
2055 1603 2132 1647 σου)

397 1651 473 1694 ὅρα,
501 1649 590 1693 quod
613 1650 755 1694 pertinet
779 1648 823 1682 ad
846 1661 875 1683 v.
900 1650 921 1682 2
946 1654 978 1682 et
1001 1650 1087 1683 male
1112 1660 1209 1683 versu
1232 1650 1254 1683 4
1277 1650 1420 1694 positum
1451 1654 1500 1684 est
1523 1649 1658 1685 fallente
1682 1650 1943 1685 homoeoteleuto
1969 1648 2009 1684 ἔα
2033 1653 2133 1693 atque

397 1698 461 1729 εἴα.
511 1696 570 1730 Est
593 1699 704 1730 autem
735 1694 833 1728 illud:
869 1693 933 1737 τὴν
955 1694 1035 1738 βίαν
1062 1707 1125 1728 σου
1149 1695 1211 1739 ὅρα
1235 1696 1407 1730 verborum
1433 1708 1461 1731 v.
1486 1698 1524 1730 2:
1559 1695 1625 1739 τῆν
1648 1697 1856 1739 προπέτειαν
1888 1698 1927 1729 ἔα
1959 1697 2133 1740 glossema,

396 1753 462 1776 non
486 1742 568 1775 illud
597 1752 678 1775 sane
709 1741 928 1785 aptissimum,
963 1740 1022 1775 sed
1054 1745 1163 1774 tamen
1194 1741 1374 1775 clarissime
1409 1742 1548 1787 adparet
1584 1742 1752 1786 vulgatam
1789 1742 1851 1785 ὅρα
1888 1753 1906 1776 e
1941 1742 2065 1776 scholio
2102 1745 2134 1775 et

394 1788 595 1832 glossemate
628 1790 742 1821 natam
778 1797 858 1820 esse.
905 1786 977 1820 Hoc
1012 1787 1081 1820 vult
1116 1791 1231 1831 poeta:
1280 1788 1402 1830 ,omitte
1430 1788 1668 1832 temeritatem‘,
1703 1787 1734 1821 h.
1759 1798 1787 1821 e.
1821 1786 1872 1831 μή
1909 1788 2064 1831 μέμφου.
2081 1788 2133 1827 **)

396 1834 433 1867 V.
458 1834 490 1867 3.
526 1832 672 1876 ἄκρητος
695 1833 767 1865 Pal.
792 1835 891 1874 recte,
915 1830 1059 1874 ἄκρατος
1082 1833 1186 1865 Paris.
1211 1833 1289 1865 ibid.
1313 1846 1359 1875 με
1383 1832 1575 1878 ἀνάγκασεν
1599 1834 1679 1876 Pal„
1703 1832 1762 1867 sed
1786 1833 1909 1877 optime
1932 1833 2052 1867 Paris:
2088 1845 2134 1874 με

394 1877 610 1924 ἠνάγκασαν.
660 1878 777 1921 Itaque
812 1876 1022 1911 scribendum
1058 1881 1124 1911 est:
1168 1877 1201 1920 μ’
1228 1876 1428 1923 ἠνάγκασαν
1464 1889 1538 1912 cum
1561 1879 1750 1913 Hermanno
1785 1877 1829 1912 ad
1853 1878 1962 1922 Viger.
1999 1890 2032 1923 p.
2058 1877 2132 1921 709,

394 1925 549 1958 Heckero
574 1925 595 1957 l.
619 1925 640 1957 1.
665 1928 698 1956 et
721 1935 752 1966 p.
780 1924 845 1957 104
868 1923 1045 1957 Meinekio.
1092 1923 1133 1956 Et
1156 1924 1203 1956 ita
1226 1923 1349 1957 dudum
1372 1925 1429 1958 alii
1453 1925 1653 1968 scripserunt
1676 1925 1710 1957 in
1733 1924 1926 1969 apographo
1952 1924 2043 1968 Lips.
2090 1924 2133 1957 At

394 1980 461 2004 non
485 1979 621 2015 prorsus
645 1972 734 2004 recte
758 1977 866 2012 neque
889 1967 1092 2002 Brunckius:
1127 1967 1176 2012 ἔμ’
1205 1967 1414 2014 ἁνάγκασαν,
1442 1979 1548 2013 neque
1573 1970 1762 2004 Jacobsius:
1786 1969 1820 2012 μ’
1840 1969 2050 2014 ,ἠνάγκασεη
2077 1969 2134 2012 qui

394 2017 597 2059 singularem
621 2015 744 2048 diserte
768 2015 853 2047 tueri
877 2014 1040 2060 studebat:
1087 2015 1239 2056 Denique
1269 2016 1337 2048 alia
1361 2015 1566 2057 conjectura:
1602 2015 1636 2057 μ’
1663 2013 1900 2059 ἐπανάγκασεν
1923 2015 2055 2049 omnino
2079 2026 2132 2049 ex-

393 2059 563 2104 plodenda
586 2064 643 2094 est.
690 2059 771 2093 ibid.
795 2059 983 2093 Dictionem
1016 2061 1062 2092 ὡν
1087 2057 1104 2091 ὁ
1130 2061 1196 2101 μὲν
1221 2058 1332 2093 αὐτῶν
1363 2070 1380 2093 e
1404 2060 1522 2094 Nonno
1553 2060 1693 2103 aliisque
1724 2060 1830 2104 poetis
1853 2060 2060 2094 Hermannus
2088 2059 2133 2094 ad

393 2105 507 2152 Viger.
530 2116 562 2163 p.
577 2106 642 2141 709
666 2104 845 2140 illustravit
868 2108 900 2139 et
923 2107 1013 2138 recte
1037 2105 1150 2138 statuit
1175 2103 1287 2137 αὐτῶν
1310 2104 1489 2139 abundare.
1537 2106 1576 2138 V.
1589 2107 1618 2139 4.
1644 2104 1661 2137 ὁ
1677 2104 1722 2151 δ’]
1750 2105 1812 2137 ὂὸ’
1840 2106 1920 2148 Pal„
1946 2105 2000 2137 ὅδ’
2027 2106 2132 2138 Paris.

392 2152 472 2185 ibid.
499 2165 659 2195 σωφρονα
683 2150 807 2194 θυμὸν
830 2150 917 2195 ἔχειν
940 2152 1008 2183 Pal.
1034 2155 1132 2192 reete,
1157 2161 1294 2192 quorum
1318 2152 1490 2185 verborum
1514 2153 1587 2185 loco
1611 2152 1714 2186 Paris.
1738 2151 1811 2185 dat:
1842 2149 1904 2193 τὴν
1924 2151 2005 2194 βίαν
2025 2151 2133 2194 ὅσσην

394 2198 470 2242 ὅρα.
521 2197 588 2232 Sed
613 2197 655 2231 de
678 2197 742 2231 hac
774 2208 809 2231 re
840 2207 942 2241 supra
972 2195 1016 2230 ad
1041 2207 1069 2231 v.
1094 2196 1115 2230 :2
1139 2195 1220 2231 satis
1244 2195 1367 2231 dictum
1392 2200 1449 2232 est.
1496 2196 1535 2230 V.
1559 2198 1581 2232 5
1605 2207 1653 2241 sq.
1690 2197 1848 2231 Ultimum
1878 2197 1939 2230 hoc
1968 2196 2132 2231 distichon

501 2333 527 2371 ³⁸¹)
549 2335 721 2370 Comparare
742 2335 817 2368 licet,
838 2335 939 2370 quibus
959 2334 1189 2368 philosophorum
1209 2342 1375 2368 graecorum
1395 2337 1557 2361 sententiae
1573 2337 1674 2368 insunt,
1699 2339 1775 2361 certa
1795 2337 1931 2369 quaedam
1952 2336 2133 2369 gnomologia

391 2374 427 2398 ab
448 2373 539 2398 doctis
560 2373 706 2398 monachis
726 2373 863 2404 instituta,
884 2373 1010 2404 inprimis
1037 2381 1054 2397 a
1074 2371 1102 2396 S.
1125 2371 1247 2397 Maximo
1273 2369 1473 2404 (Confessore),
1499 2371 1533 2398 ab
1561 2373 1681 2398 Antonio
1709 2372 1845 2403 (Melissa)
1870 2376 1897 2399 et
1921 2373 1955 2399 ab
1982 2380 2130 2405 anonymo,

391 2408 472 2442 cujus
493 2406 679 2442 Florilegium
699 2409 812 2442 Lipsiae
833 2416 858 2434 a.
880 2407 952 2434 1864
974 2408 1203 2431 Westermannus
1224 2408 1356 2440 evulgare
1378 2409 1480 2440 coepit.
1520 2409 1590 2432 Nam
1615 2410 1643 2432 in
1668 2408 1710 2432 his
1735 2417 1847 2441 quoque
1867 2409 1983 2440 syllogis
2004 2409 2130 2433 christia-

390 2453 490 2472 norum
510 2454 631 2478 gnomae
651 2445 756 2479 ubique
776 2445 960 2478 praecedunt,
981 2448 1137 2478 sequuntur
1157 2448 1250 2470 autem
1272 2444 1455 2477 ethnicorum,
1482 2447 1511 2470 et
1535 2449 1566 2470 ut
1591 2453 1719 2478 quaeque
1740 2444 1847 2479 sylloge
1868 2444 2060 2471 recentissima
2080 2446 2130 2477 est,

390 2482 431 2507 ita
450 2481 667 2507 christianorum
687 2482 844 2507 sententias
864 2481 1062 2513 complectitur
1081 2481 1223 2513 plurimas,
1244 2482 1427 2513 paucissimas
1446 2484 1540 2505 nutem
1560 2482 1742 2506 ethnicorum.

500 2515 543 2550 ⁸*)
562 2518 616 2543 Pro
637 2514 694 2551 ὅρα
713 2518 795 2551 plura
807 2517 928 2542 Palatini
945 2516 1110 2549 apographa
1128 2517 1200 2542 male
1221 2517 1326 2543 habent
1345 2514 1399 2548 ἔχε,
1422 2517 1496 2550 quod
1507 2517 1665 2543 Brunckius
1684 2517 1818 2543 audacter
1837 2518 1952 2551 recepit.
1973 2513 2050 2550 Ὅρα
2069 2519 2131 2542 tue-

391 2553 474 2579 batur
493 2552 650 2587 Bentlejus,
677 2554 753 2587 quod
781 2554 898 2584 mirere,
927 2552 1174 2586 per-suadebatque
1195 2552 1331 2577 Jacobsio
1358 2556 1386 2576 et
1410 2553 1427 2577 l.
1453 2553 1470 2576 l.
1499 2561 1526 2585 p.
1550 2552 1601 2578 104
1622 2553 1772 2577 Meinekio.
1822 2553 1921 2577 Eidem
1946 2558 2039 2578 tamen
2061 2554 2129 2578 Mei-

391 2591 485 2623 nekio,
506 2599 591 2624 quum
610 2593 710 2623 postea
729 2591 796 2616 ibid.
818 2599 845 2623 p.
868 2588 921 2616 310
940 2586 994 2622 τὴν
1012 2587 1194 2622 προπέτειαν
1220 2584 1277 2623 ὅρα
1297 2588 1323 2615 h.
1347 2587 1365 2615 l.
1391 2589 1485 2623 inepte
1511 2589 1644 2623 scriptum
1670 2596 1732 2615 esse
1758 2587 2009 2623 animadvertisset,
2033 2596 2130 2615 verum

391 2634 453 2652 esse
472 2627 631 2669 videbatur,
651 2627 727 2669 quod
746 2627 775 2651 in
794 2627 903 2652 Comm.
926 2626 961 2650 de
981 2626 1065 2650 Anth.
1088 2625 1131 2650 ed.
1153 2634 1194 2658 pr.
1217 2634 1243 2658 p.
1266 2625 1319 2651 360
1339 2626 1410 2650 male
1437 2626 1559 2658 conjecit
1578 2627 1738 2650 Heckerus:
1766 2624 1820 2657 τὴν
1837 2626 2025 2659 προπέτειαν,
2048 2624 2128 2659 ὁρᾷς,

391 2658 517 2697 ἄκρητος
534 2665 584 2689 καὶ
603 2661 677 2697 ἔρως
695 2672 717 2696 μ
744 2659 920 2697 ἠνάγκασαν.
